2776 4316
300 239 367 305 298
658 257 747 305 niune
770 258 908 306 neurius

302 379 384 440 muS,
414 368 451 426 ut
486 360 635 440 sciamus,
666 379 763 446 quem
795 362 955 446 psalmum
983 362 1031 428 ret
1055 362 1249 448 antiphonam

300 466 350 533 vet
377 484 504 533 versum
537 466 588 532 vet
611 468 786 533 orationem
817 468 964 534 dieamus
995 470 1047 534 ret
1070 469 1250 548 dixerimus,

300 574 441 640 maxime
463 574 495 639 in
521 575 608 640 horis
639 575 808 651 canonicis,
829 577 904 660 quia
937 575 1082 642 debitum
1107 595 1167 641 non
1191 593 1252 660 por·

299 680 394 745 sotrit
417 681 471 766 qui
497 699 558 746 non
594 680 738 759 attendit,
762 682 788 746 si
820 681 941 748 dixerit
964 681 1009 761 id,
1037 682 1120 767 quod
1155 681 1252 747 debet

298 785 342 852 Ne
366 803 442 873 ergo
465 804 618 870 cogamur
643 788 756 853 iterato
779 797 935 871 repetere,
951 789 1064 854 saitem
1081 786 1253 873 superficia-

300 893 370 958 titer
394 893 596 960 attendamus
620 895 659 960 ad
684 913 732 973 ea,
755 912 839 980 quae
863 913 924 960 non
962 893 1036 961 licet
1059 895 1149 961 uobis
1173 911 1253 979 prae·

300 999 486 1078 termittere‚
509 1001 585 1087 quin
610 1001 767 1067 dicamus.

388 1106 418 1173 3.
443 1107 588 1188 Secunda
613 1116 715 1191 potest
738 1108 799 1175 dici
825 1107 993 1187 littero-lis,
1017 1110 1146 1195 quondo
1161 1116 1253 1174 atton

299 1213 416 1293 dimus
432 1214 510 1299 quid
529 1215 632 1281 tittera
656 1215 800 1282 exterius
817 1223 916 1294 sonet,
933 1224 965 1282 et
982 1217 1092 1292 rerba,
1107 1233 1188 1301 quae
1202 1229 1252 1280 ore

298 1320 445 1398 terimus,
463 1321 648 1386 memoriter
661 1322 878 1400 masticamus,
895 1330 931 1388 nt
946 1341 1010 1388 non
1027 1323 1129 1389 sotum
1147 1323 1253 1407 inquo

299 1426 431 1511 psalmo,
455 1427 511 1493 sed
535 1428 631 1493 etium
655 1429 686 1493 in
712 1447 776 1513 quo
800 1446 895 1495 versu
914 1436 945 1494 et
968 1429 1113 1496 clausula
1129 1428 1249 1495 interim

297 1535 409 1612 simus,
435 1533 520 1618 vigiii
546 1537 700 1600 memorio
723 1544 899 1602 teneamus.
923 1536 1004 1603 Haec
1035 1538 1166 1604 attentio
1196 1553 1251 1601 oon

299 1648 421 1707 tantum
441 1641 592 1726 persolvit
608 1641 751 1707 debitum
769 1642 931 1720 orationis
948 1643 1004 1709 sed
1020 1644 1115 1710 etiam
1131 1644 1175 1710 ab
1188 1660 1253 1709 era·

297 1748 422 1833 gatione
437 1765 516 1813 rane
530 1756 665 1814 mentem
684 1748 825 1814 defendit
836 1757 867 1816 et
881 1749 956 1834 ligat
970 1750 1001 1816 in
1015 1750 1098 1817 bono
1109 1750 1249 1835 cogitatu.

385 1855 416 1920 [ι.
442 1855 547 1920 tertia
570 1864 618 1921 est
645 1854 885 1932 intellectualis,
917 1857 1047 1940 quando
1079 1876 1118 1924 eu
1148 1855 1249 1924 uerbis

298 1960 422 2026 litterae
446 1961 614 2045 exsugitur
643 1961 781 2028 dotceuo
815 1962 993 2047 spiritualis
1023 1963 1250 2049 intelligentiae,

296 2075 327 2132 et
358 2067 491 2134 affectus
525 2067 701 2134 devotionis
734 2069 930 2155 exprimitur
964 2071 1056 2155 qrrasi
1093 2071 1133 2136 rie
1157 2077 1250 2156 petro

211 2249 215 2258 ,
296 2172 403 2239 oleum
427 2183 457 2239 ct
479 2173 544 2240 uret
558 2175 597 2240 de
611 2193 696 2241 socco
713 2175 898 2241 dormsirno
912 2179 933 2241 ¹.
951 2175 1147 2243 Berourdns:
1169 2204 1185 2236 ι
1198 2173 1249 2242 net

295 2279 326 2344 in
353 2297 426 2345 cera
450 2289 480 2346 et
504 2281 535 2345 in
559 2281 665 2347 littera
689 2282 815 2347 devotio
838 2291 1036 2362 esttamen}
1055 2284 1135 2351 ittud
1154 2293 1248 2351 terere

297 2385 401 2451 ficietis
424 2394 456 2454 et
480 2388 621 2472 prudens
645 2389 752 2454 anima
776 2407 836 2454 non
862 2390 985 2456 omittat
1000 2391 1195 2476 quibusdam
1210 2391 1247 2454 io·

297 2492 489 2577 tettigentiae
512 2493 672 2573 dentibus,
697 2512 735 2560 ne
760 2495 850 2572 torte,
867 2496 891 2561 si
911 2497 1070 2580 integrum
1096 2497 1209 2582 glutiat
1222 2501 1250 2561 et

298 2617 359 2664 noo
384 2617 542 2680 mansum,
567 2600 740 2697 frustretur
758 2602 898 2687 potatum
917 2621 1030 2688 sapore
1052 2599 1248 2671 desiderabiii

297 2790 358 2830 cum
378 2779 484 2830 historio
515 2781 607 2832 exitus*
627 2780 740 2833 ultor-oro
768 2782 847 2834 lsruet
874 2795 906 2834 ex
933 2783 1055 2847 Aegypto
1072 2790 1100 2836 et
1119 2783 1249 2849 plagarum

296 2867 408 2930 Aegypti
427 2868 538 2920 retertur
557 2868 591 2921 ud
610 2869 773 2934 spiritualem
792 2877 908 2922 nostrum
921 2873 1083 2936 ereptionem
1097 2871 1133 2924 de
1152 2877 1249 2938 porceto

295 2955 338 3007 vet
356 2956 471 3020 soeculo,
490 2958 533 3010 vet
552 2957 586 3010 ud
606 2964 775 3023 peccatorum
794 2959 1005 3012 submersionem
1025 2963 1052 3012 to
1072 2960 1250 3014 norooseoo·
1353 2993 1354 3004 κ

296 3044 446 3108 punctionis
463 3051 489 3098 et
508 3045 669 3099 doemonum
689 3048 821 3100 cruciatus
839 3055 865 3100 et
893 3049 974 3100 mutto
993 3048 1052 3102 otiu.
1071 3050 1097 3102 tn
1118 3051 1162 3102 toti
1180 3055 1250 3104 etteu·

295 3133 365 3186 tione
383 3139 423 3186 est
441 3135 572 3188 monimus
590 3136 699 3201 tructus,
718 3137 779 3202 quio
797 3142 823 3188 et
841 3137 930 3189 erudit
947 3139 1064 3188 unimam
1078 3152 1127 3203 per
1139 3139 1249 3203 spirtum·

295 3221 347 3274 lem
367 3222 562 3288 intelligentiam
590 3231 616 3276 et
643 3226 722 3277 omcit
748 3237 808 3277 com
835 3239 885 3290 per
911 3226 1060 3280 devotionis
1077 3228 1213 3292 eflectum
1228 3231 1250 3278 et

295 3311 342 3363 tote
363 3315 523 3376 praecipuus
534 3322 574 3366 cst
586 3316 711 3366 orationis
724 3315 833 3367 tructus.
845 3341 881 3354 -
894 3315 921 3366 io
935 3321 1003 3368 texut
1018 3316 1159 3370 tormundo
1172 3327 1247 3384 usque

294 3400 329 3453 ud
342 3414 402 3465 cop.
414 3401 476 3454 mv.
490 3404 572 3455 secuti
585 3417 679 3456 sumus
689 3403 767 3457 codd.
786 3407 816 3468 Α,
830 3404 859 3470 Β,
872 3403 901 3468 C,
915 3404 945 3467 D,
959 3405 986 3470 E,
1000 3405 1027 3469 F,
1040 3407 1071 3470 G,
1086 3405 1107 3458 ti
1126 3413 1153 3459 ot
1169 3406 1211 3460 ed.
1227 3405 1247 3458 2

365 3487 375 3519 ¹
395 3490 472 3544 Deut.
492 3491 537 3556 32,
559 3492 602 3544 te.
621 3520 655 3530 -
675 3494 800 3560 Sequitur
822 3493 960 3559 Bernord„
985 3507 1075 3547 sermo
1092 3493 1118 3547 7.
1137 3497 1165 3548 tn
1183 3493 1249 3550 Ceut
1353 3501 1354 3564 i

294 3591 320 3630 n.
339 3578 366 3631 t.
384 3579 410 3632 ln
430 3579 482 3632 flue
500 3581 628 3647 ultegotur
647 3583 689 3635 Ps.
709 3583 753 3650 te,
774 3584 817 3636 rt.
