<?xml version="1.0" encoding="UTF-8"?>
<!DOCTYPE html PUBLIC "-//W3C//DTD XHTML 1.0 Transitional//EN"
    "http://www.w3.org/TR/xhtml1/DTD/xhtml1-transitional.dtd">
<html xmlns="http://www.w3.org/1999/xhtml" xml:lang="en" lang="en">
 <head>
  <title>
</title>
<meta http-equiv="Content-Type" content="text/html;charset=utf-8" />
  <meta name='ocr-system' content='tesseract 3.04.00' />
  <meta name='ocr-capabilities' content='ocr_page ocr_carea ocr_par ocr_line ocrx_word'/>
</head>
<body>
  <div class='ocr_page' id='page_1' title='image "./deexterioriseti00davigoog_0193.png"; bbox 0 0 2808 4318; ppageno 0'>
   <div class='ocr_carea' id='block_1_1' title="bbox 289 263 915 328">
    <p class='ocr_par' dir='ltr' id='par_1_1' title="bbox 289 263 915 328">
     <span class='ocr_line' id='line_1_1' title="bbox 289 263 915 328; baseline -0.005 -1"><span class='ocrx_word' id='word_1_1' title='bbox 289 263 351 328; x_wconf 82' lang='lat' dir='ltr'>llr8</span> <span class='ocrx_word' id='word_1_2' title='bbox 630 279 719 326; x_wconf 79' lang='lat' dir='ltr'>rinno</span> <span class='ocrx_word' id='word_1_3' title='bbox 744 277 915 326; x_wconf 79' lang='lat' dir='ltr'>sccundus</span> 
     </span>
    </p>
   </div>
   <div class='ocr_carea' id='block_1_2' title="bbox 280 383 1259 3558">
    <p class='ocr_par' dir='ltr' id='par_1_2' title="bbox 280 383 1259 1730">
     <span class='ocr_line' id='line_1_2' title="bbox 284 383 1257 470; baseline -0.001 -18"><span class='ocrx_word' id='word_1_4' title='bbox 284 401 474 452; x_wconf 86' lang='lat' dir='ltr'>consensum</span> <span class='ocrx_word' id='word_1_5' title='bbox 501 386 603 452; x_wconf 90' lang='lat' dir='ltr'>malae</span> <span class='ocrx_word' id='word_1_6' title='bbox 627 383 913 470; x_wconf 74' lang='lat' dir='ltr'>concupiscentiae,</span> <span class='ocrx_word' id='word_1_7' title='bbox 937 385 1185 470; x_wconf 87' lang='lat' dir='ltr'>quantomagis,</span> <span class='ocrx_word' id='word_1_8' title='bbox 1203 385 1257 451; x_wconf 89' lang='lat' dir='ltr'>ba·</span> 
     </span>
     <span class='ocr_line' id='line_1_3' title="bbox 282 489 1258 570; baseline -0.001 -12"><span class='ocrx_word' id='word_1_9' title='bbox 282 491 372 558; x_wconf 92' lang='lat' dir='ltr'>benis</span> <span class='ocrx_word' id='word_1_10' title='bbox 389 490 506 559; x_wconf 86' lang='lat' dir='ltr'>laxatis</span> <span class='ocrx_word' id='word_1_11' title='bbox 530 491 570 558; x_wconf 91' lang='lat' dir='ltr'>ad</span> <span class='ocrx_word' id='word_1_12' title='bbox 595 490 750 558; x_wconf 80' lang='lat' dir='ltr'><strong>ulteriora</strong></span> <span class='ocrx_word' id='word_1_13' title='bbox 774 489 915 557; x_wconf 92' lang='lat' dir='ltr'>libidinis</span> <span class='ocrx_word' id='word_1_14' title='bbox 939 491 1152 570; x_wconf 85' lang='lat' dir='ltr'>incitamenta,</span> <span class='ocrx_word' id='word_1_15' title='bbox 1168 498 1258 558; x_wconf 85' lang='lat' dir='ltr'>exte·</span> 
     </span>
     <span class='ocr_line' id='line_1_4' title="bbox 284 597 1258 667; baseline -0.001 -2"><span class='ocrx_word' id='word_1_16' title='bbox 284 597 406 667; x_wconf 90' lang='lat' dir='ltr'>riorum</span> <span class='ocrx_word' id='word_1_17' title='bbox 432 615 586 665; x_wconf 87' lang='lat' dir='ltr'>sensuum</span> <span class='ocrx_word' id='word_1_18' title='bbox 611 604 642 664; x_wconf 90' lang='lat' dir='ltr'>et</span> <span class='ocrx_word' id='word_1_19' title='bbox 659 597 879 664; x_wconf 88' lang='lat' dir='ltr'>membrorum</span> <span class='ocrx_word' id='word_1_20' title='bbox 898 597 1074 665; x_wconf 90' lang='lat' dir='ltr'>ministerio</span> <span class='ocrx_word' id='word_1_21' title='bbox 1097 597 1209 664; x_wconf 93' lang='lat' dir='ltr'>adiuta</span> <span class='ocrx_word' id='word_1_22' title='bbox 1224 604 1258 664; x_wconf 86' lang='lat' dir='ltr'>et</span> 
     </span>
     <span class='ocr_line' id='line_1_5' title="bbox 281 699 1256 788; baseline -0.001 -20"><span class='ocrx_word' id='word_1_23' title='bbox 281 707 477 788; x_wconf 80' lang='lat' dir='ltr'>provocata?</span> <span class='ocrx_word' id='word_1_24' title='bbox 493 701 523 768; x_wconf 86' lang='lat' dir='ltr'>Si</span> <span class='ocrx_word' id='word_1_25' title='bbox 542 701 646 769; x_wconf 87' lang='lat' dir='ltr'>solum</span> <span class='ocrx_word' id='word_1_26' title='bbox 664 700 890 786; x_wconf 81' lang='lat' dir='ltr'>concupiscere</span> <span class='ocrx_word' id='word_1_27' title='bbox 907 702 938 767; x_wconf 97' lang='lat' dir='ltr'>in</span> <span class='ocrx_word' id='word_1_28' title='bbox 955 700 1052 769; x_wconf 91' lang='lat' dir='ltr'>corde</span> <span class='ocrx_word' id='word_1_29' title='bbox 1068 699 1256 767; x_wconf 75' lang='lat' dir='ltr'>moeotida</span> 
     </span>
     <span class='ocr_line' id='line_1_6' title="bbox 280 807 1259 893; baseline 0 -18"><span class='ocrx_word' id='word_1_30' title='bbox 280 809 417 876; x_wconf 74' lang='lat' dir='ltr'>Domino</span> <span class='ocrx_word' id='word_1_31' title='bbox 434 808 595 876; x_wconf 87' lang='lat' dir='ltr'>indicatur</span> <span class='ocrx_word' id='word_1_32' title='bbox 610 810 628 889; x_wconf 93' lang='lat'>¹,</span> <span class='ocrx_word' id='word_1_33' title='bbox 644 807 721 893; x_wconf 88' lang='lat' dir='ltr'>quid</span> <span class='ocrx_word' id='word_1_34' title='bbox 736 826 812 893; x_wconf 86' lang='lat' dir='ltr'>ergo</span> <span class='ocrx_word' id='word_1_35' title='bbox 836 824 878 875; x_wconf 85' lang='lat' dir='ltr'>ex</span> <span class='ocrx_word' id='word_1_36' title='bbox 896 807 1150 892; x_wconf 82' lang='lat' dir='ltr'>concupiscentia</span> <span class='ocrx_word' id='word_1_37' title='bbox 1166 825 1259 875; x_wconf 88' lang='lat' dir='ltr'>oscu-</span> 
     </span>
     <span class='ocr_line' id='line_1_7' title="bbox 283 913 1257 1002; baseline -0.002 -20"><span class='ocrx_word' id='word_1_38' title='bbox 283 915 343 993; x_wconf 89' lang='lat' dir='ltr'>lari</span> <span class='ocrx_word' id='word_1_39' title='bbox 367 922 399 982; x_wconf 89' lang='lat' dir='ltr'>et</span> <span class='ocrx_word' id='word_1_40' title='bbox 429 913 587 1002; x_wconf 80' lang='lat' dir='ltr'>palparet</span> <span class='ocrx_word' id='word_1_41' title='bbox 611 921 670 982; x_wconf 88' lang='lat' dir='ltr'>etc.</span> <span class='ocrx_word' id='word_1_42' title='bbox 694 914 792 982; x_wconf 89' lang='lat' dir='ltr'>Nemo</span> <span class='ocrx_word' id='word_1_43' title='bbox 815 931 893 1000; x_wconf 87' lang='lat' dir='ltr'>ergo</span> <span class='ocrx_word' id='word_1_44' title='bbox 917 914 1014 982; x_wconf 88' lang='lat' dir='ltr'>stulte</span> <span class='ocrx_word' id='word_1_45' title='bbox 1044 931 1079 982; x_wconf 87' lang='lat' dir='ltr'>se</span> <span class='ocrx_word' id='word_1_46' title='bbox 1111 914 1257 996; x_wconf 85' lang='lat' dir='ltr'>seducat,</span> 
     </span>
     <span class='ocr_line' id='line_1_8' title="bbox 283 1020 1257 1107; baseline 0.001 -19"><span class='ocrx_word' id='word_1_47' title='bbox 283 1029 320 1089; x_wconf 93' lang='lat' dir='ltr'>ut</span> <span class='ocrx_word' id='word_1_48' title='bbox 343 1028 443 1107; x_wconf 90' lang='lat' dir='ltr'>putet,</span> <span class='ocrx_word' id='word_1_49' title='bbox 468 1028 544 1089; x_wconf 90' lang='lat' dir='ltr'>tnnc</span> <span class='ocrx_word' id='word_1_50' title='bbox 568 1021 672 1088; x_wconf 91' lang='lat' dir='ltr'>solnm</span> <span class='ocrx_word' id='word_1_51' title='bbox 698 1038 732 1088; x_wconf 90' lang='lat' dir='ltr'>se</span> <span class='ocrx_word' id='word_1_52' title='bbox 755 1037 914 1107; x_wconf 83' lang='lat' dir='ltr'>peccasse,</span> <span class='ocrx_word' id='word_1_53' title='bbox 938 1020 1067 1106; x_wconf 89' lang='lat' dir='ltr'>quando</span> <span class='ocrx_word' id='word_1_54' title='bbox 1090 1037 1172 1106; x_wconf 90' lang='lat' dir='ltr'>opus</span> <span class='ocrx_word' id='word_1_55' title='bbox 1201 1039 1257 1106; x_wconf 92' lang='lat' dir='ltr'>ge-</span> 
     </span>
     <span class='ocr_line' id='line_1_9' title="bbox 284 1126 1255 1213; baseline -0.001 -18"><span class='ocrx_word' id='word_1_56' title='bbox 284 1128 464 1196; x_wconf 87' lang='lat' dir='ltr'>nerativum</span> <span class='ocrx_word' id='word_1_57' title='bbox 489 1127 613 1213; x_wconf 86' lang='lat' dir='ltr'>perlicit</span> <span class='ocrx_word' id='word_1_58' title='bbox 636 1127 687 1194; x_wconf 85' lang='lat' dir='ltr'>rel</span> <span class='ocrx_word' id='word_1_59' title='bbox 722 1126 845 1194; x_wconf 91' lang='lat' dir='ltr'>laboral</span> <span class='ocrx_word' id='word_1_60' title='bbox 869 1126 1034 1212; x_wconf 91' lang='lat' dir='ltr'>perlicere,</span> <span class='ocrx_word' id='word_1_61' title='bbox 1057 1145 1133 1195; x_wconf 87' lang='lat' dir='ltr'>cum</span> <span class='ocrx_word' id='word_1_62' title='bbox 1157 1129 1255 1196; x_wconf 89' lang='lat' dir='ltr'>etiam</span> 
     </span>
     <span class='ocr_line' id='line_1_10' title="bbox 283 1233 1256 1321; baseline 0 -19"><span class='ocrx_word' id='word_1_63' title='bbox 283 1234 493 1321; x_wconf 87' lang='lat' dir='ltr'>praeambula</span> <span class='ocrx_word' id='word_1_64' title='bbox 528 1234 626 1302; x_wconf 92' lang='lat' dir='ltr'>buius</span> <span class='ocrx_word' id='word_1_65' title='bbox 654 1234 760 1320; x_wconf 91' lang='lat' dir='ltr'>operis</span> <span class='ocrx_word' id='word_1_66' title='bbox 788 1233 983 1300; x_wconf 84' lang='lat' dir='ltr'>damnabilia</span> <span class='ocrx_word' id='word_1_67' title='bbox 1013 1235 1086 1300; x_wconf 88' lang='lat' dir='ltr'>sint.</span> <span class='ocrx_word' id='word_1_68' title='bbox 1119 1235 1152 1300; x_wconf 96' lang='lat' dir='ltr'>ln</span> <span class='ocrx_word' id='word_1_69' title='bbox 1184 1234 1256 1320; x_wconf 84' lang='lat' dir='ltr'>ipso</span> 
     </span>
     <span class='ocr_line' id='line_1_11' title="bbox 283 1340 1255 1428; baseline -0.003 -19"><span class='ocrx_word' id='word_1_70' title='bbox 283 1342 366 1409; x_wconf 90' lang='lat' dir='ltr'>enim</span> <span class='ocrx_word' id='word_1_71' title='bbox 393 1341 478 1409; x_wconf 85' lang='lat' dir='ltr'>licito</span> <span class='ocrx_word' id='word_1_72' title='bbox 501 1341 648 1427; x_wconf 89' lang='lat' dir='ltr'>coniugio</span> <span class='ocrx_word' id='word_1_73' title='bbox 672 1359 766 1427; x_wconf 89' lang='lat' dir='ltr'>saepe</span> <span class='ocrx_word' id='word_1_74' title='bbox 789 1340 1005 1408; x_wconf 84' lang='lat' dir='ltr'>excusabilior</span> <span class='ocrx_word' id='word_1_75' title='bbox 1036 1349 1085 1409; x_wconf 91' lang='lat' dir='ltr'>est</span> <span class='ocrx_word' id='word_1_76' title='bbox 1113 1340 1255 1428; x_wconf 80' lang='lat' dir='ltr'>simplex</span> 
     </span>
     <span class='ocr_line' id='line_1_12' title="bbox 284 1433 1253 1533; baseline -0.004 -17"><span class='ocrx_word' id='word_1_77' title='bbox 284 1447 474 1516; x_wconf 84' lang='lat' dir='ltr'>concubitus</span> <span class='ocrx_word' id='word_1_78' title='bbox 497 1465 594 1533; x_wconf 86' lang='lat' dir='ltr'>qnam</span> <span class='ocrx_word' id='word_1_79' title='bbox 623 1446 701 1514; x_wconf 91' lang='lat' dir='ltr'>tales</span> <span class='ocrx_word' id='word_1_80' title='bbox 718 1433 902 1514; x_wconf 78' lang='lat' dir='ltr'>inhonestae</span> <span class='ocrx_word' id='word_1_81' title='bbox 920 1446 1091 1513; x_wconf 87' lang='lat' dir='ltr'>blanditiae</span> <span class='ocrx_word' id='word_1_82' title='bbox 1107 1451 1253 1513; x_wconf 71' lang='lat' dir='ltr'>motuum</span> 
     </span>
     <span class='ocr_line' id='line_1_13' title="bbox 284 1552 1256 1640; baseline -0.002 -19"><span class='ocrx_word' id='word_1_83' title='bbox 284 1554 499 1623; x_wconf 81' lang='lat' dir='ltr'>indecentium</span> <span class='ocrx_word' id='word_1_84' title='bbox 528 1561 560 1621; x_wconf 90' lang='lat' dir='ltr'>et</span> <span class='ocrx_word' id='word_1_85' title='bbox 590 1554 847 1640; x_wconf 86' lang='lat' dir='ltr'>spectaculorum</span> <span class='ocrx_word' id='word_1_86' title='bbox 878 1560 910 1621; x_wconf 89' lang='lat' dir='ltr'>et</span> <span class='ocrx_word' id='word_1_87' title='bbox 937 1553 1186 1621; x_wconf 88' lang='lat' dir='ltr'>collocutionum</span> <span class='ocrx_word' id='word_1_88' title='bbox 1213 1552 1256 1619; x_wconf 86' lang='lat' dir='ltr'>la·</span> 
     </span>
     <span class='ocr_line' id='line_1_14' title="bbox 284 1661 456 1730; baseline -0.012 -1"><span class='ocrx_word' id='word_1_89' title='bbox 284 1661 456 1730; x_wconf 78' lang='lat' dir='ltr'>scivarum.</span> 
     </span>
    </p>

    <p class='ocr_par' dir='ltr' id='par_1_3' title="bbox 284 1765 1257 3239">
     <span class='ocr_line' id='line_1_15' title="bbox 349 1765 1254 1852; baseline -0.001 -18"><span class='ocrx_word' id='word_1_90' title='bbox 349 1805 352 1809; x_wconf 91' lang='lat'>·</span> <span class='ocrx_word' id='word_1_91' title='bbox 374 1767 404 1834; x_wconf 85' lang='lat'>3.</span> <span class='ocrx_word' id='word_1_92' title='bbox 428 1767 458 1832; x_wconf 87' lang='lat' dir='ltr'>Si</span> <span class='ocrx_word' id='word_1_93' title='bbox 483 1773 592 1834; x_wconf 89' lang='lat' dir='ltr'>autem</span> <span class='ocrx_word' id='word_1_94' title='bbox 615 1765 732 1852; x_wconf 83' lang='lat' dir='ltr'>aliquis</span> <span class='ocrx_word' id='word_1_95' title='bbox 756 1766 841 1833; x_wconf 90' lang='lat' dir='ltr'>dicat</span> <span class='ocrx_word' id='word_1_96' title='bbox 862 1765 949 1852; x_wconf 91' lang='lat' dir='ltr'>apud</span> <span class='ocrx_word' id='word_1_97' title='bbox 974 1782 1017 1844; x_wconf 89' lang='lat' dir='ltr'>se,</span> <span class='ocrx_word' id='word_1_98' title='bbox 1042 1783 1166 1851; x_wconf 83' lang='lat' dir='ltr'>exque</span> <span class='ocrx_word' id='word_1_99' title='bbox 1190 1783 1254 1833; x_wconf 92' lang='lat' dir='ltr'>non</span> 
     </span>
     <span class='ocr_line' id='line_1_16' title="bbox 284 1871 1257 1962; baseline -0.003 -20"><span class='ocrx_word' id='word_1_100' title='bbox 284 1892 404 1962; x_wconf 87' lang='lat' dir='ltr'>quaero</span> <span class='ocrx_word' id='word_1_101' title='bbox 427 1891 509 1960; x_wconf 93' lang='lat' dir='ltr'>opus</span> <span class='ocrx_word' id='word_1_102' title='bbox 533 1891 669 1960; x_wconf 89' lang='lat' dir='ltr'>pravum</span> <span class='ocrx_word' id='word_1_103' title='bbox 694 1872 879 1941; x_wconf 87' lang='lat' dir='ltr'>fornicando</span> <span class='ocrx_word' id='word_1_104' title='bbox 903 1871 1068 1957; x_wconf 87' lang='lat' dir='ltr'>perlicere,</span> <span class='ocrx_word' id='word_1_105' title='bbox 1086 1871 1169 1939; x_wconf 90' lang='lat' dir='ltr'>licite</span> <span class='ocrx_word' id='word_1_106' title='bbox 1185 1889 1257 1958; x_wconf 91' lang='lat' dir='ltr'>pos·</span> 
     </span>
     <span class='ocr_line' id='line_1_17' title="bbox 284 1978 1257 2060; baseline -0.004 -10"><span class='ocrx_word' id='word_1_107' title='bbox 284 1999 356 2050; x_wconf 92' lang='lat' dir='ltr'>sum</span> <span class='ocrx_word' id='word_1_108' title='bbox 380 1980 535 2048; x_wconf 91' lang='lat' dir='ltr'>amorosis</span> <span class='ocrx_word' id='word_1_109' title='bbox 559 1979 721 2047; x_wconf 86' lang='lat' dir='ltr'>blanditiis</span> <span class='ocrx_word' id='word_1_110' title='bbox 744 1978 807 2046; x_wconf 84' lang='lat' dir='ltr'>frui</span> <span class='ocrx_word' id='word_1_111' title='bbox 833 1997 906 2046; x_wconf 90' lang='lat' dir='ltr'>oum</span> <span class='ocrx_word' id='word_1_112' title='bbox 924 1979 1049 2060; x_wconf 89' lang='lat' dir='ltr'>dilecta,</span> <span class='ocrx_word' id='word_1_113' title='bbox 1067 1978 1189 2045; x_wconf 91' lang='lat' dir='ltr'>munda</span> <span class='ocrx_word' id='word_1_114' title='bbox 1206 1979 1257 2046; x_wconf 93' lang='lat' dir='ltr'>in-</span> 
     </span>
     <span class='ocr_line' id='line_1_18' title="bbox 284 2083 1254 2157; baseline -0.003 -2"><span class='ocrx_word' id='word_1_115' title='bbox 284 2088 423 2157; x_wconf 87' lang='lat' dir='ltr'>tentione</span> <span class='ocrx_word' id='word_1_116' title='bbox 446 2086 488 2153; x_wconf 97' lang='lat' dir='ltr'>ad</span> <span class='ocrx_word' id='word_1_117' title='bbox 512 2091 643 2153; x_wconf 88' lang='lat' dir='ltr'>mutuae</span> <span class='ocrx_word' id='word_1_118' title='bbox 666 2092 698 2154; x_wconf 93' lang='lat' dir='ltr'>et</span> <span class='ocrx_word' id='word_1_119' title='bbox 721 2093 848 2153; x_wconf 87' lang='lat' dir='ltr'>sanctae</span> <span class='ocrx_word' id='word_1_120' title='bbox 872 2085 1050 2153; x_wconf 85' lang='lat' dir='ltr'>dilectionis</span> <span class='ocrx_word' id='word_1_121' title='bbox 1073 2083 1254 2152; x_wconf 87' lang='lat' dir='ltr'>nutrimen-</span> 
     </span>
     <span class='ocr_line' id='line_1_19' title="bbox 288 2190 1255 2279; baseline -0.004 -17"><span class='ocrx_word' id='word_1_122' title='bbox 288 2204 366 2275; x_wconf 89' lang='lat' dir='ltr'>tum,</span> <span class='ocrx_word' id='word_1_123' title='bbox 390 2201 426 2262; x_wconf 91' lang='lat' dir='ltr'>ut</span> <span class='ocrx_word' id='word_1_124' title='bbox 450 2193 531 2279; x_wconf 89' lang='lat' dir='ltr'>ignis</span> <span class='ocrx_word' id='word_1_125' title='bbox 554 2192 695 2261; x_wconf 87' lang='lat' dir='ltr'>caritatis</span> <span class='ocrx_word' id='word_1_126' title='bbox 719 2193 820 2278; x_wconf 88' lang='lat' dir='ltr'>magis</span> <span class='ocrx_word' id='word_1_127' title='bbox 843 2210 880 2260; x_wconf 89' lang='lat' dir='ltr'>ao</span> <span class='ocrx_word' id='word_1_128' title='bbox 905 2192 1005 2277; x_wconf 88' lang='lat' dir='ltr'>magis</span> <span class='ocrx_word' id='word_1_129' title='bbox 1028 2191 1060 2258; x_wconf 93' lang='lat' dir='ltr'>in</span> <span class='ocrx_word' id='word_1_130' title='bbox 1085 2190 1177 2258; x_wconf 87' lang='lat' dir='ltr'>nobis</span> <span class='ocrx_word' id='word_1_131' title='bbox 1201 2209 1255 2258; x_wconf 90' lang='lat' dir='ltr'>ac·</span> 
     </span>
     <span class='ocr_line' id='line_1_20' title="bbox 285 2297 1257 2384; baseline -0.005 -15"><span class='ocrx_word' id='word_1_132' title='bbox 285 2299 451 2379; x_wconf 82' lang='lat' dir='ltr'>condatur,</span> <span class='ocrx_word' id='word_1_133' title='bbox 475 2315 548 2367; x_wconf 89' lang='lat' dir='ltr'>cnm</span> <span class='ocrx_word' id='word_1_134' title='bbox 573 2315 615 2365; x_wconf 86' lang='lat' dir='ltr'>ex</span> <span class='ocrx_word' id='word_1_135' title='bbox 631 2299 800 2366; x_wconf 86' lang='lat' dir='ltr'>dilectione</span> <span class='ocrx_word' id='word_1_136' title='bbox 817 2297 956 2384; x_wconf 88' lang='lat' dir='ltr'>proximi</span> <span class='ocrx_word' id='word_1_137' title='bbox 972 2297 1135 2364; x_wconf 87' lang='lat' dir='ltr'>nutriatur</span> <span class='ocrx_word' id='word_1_138' title='bbox 1150 2304 1184 2364; x_wconf 88' lang='lat' dir='ltr'>et</span> <span class='ocrx_word' id='word_1_139' title='bbox 1199 2315 1257 2364; x_wconf 88' lang='lat' dir='ltr'>au·</span> 
     </span>
     <span class='ocr_line' id='line_1_21' title="bbox 284 2403 1257 2492; baseline -0.004 -18"><span class='ocrx_word' id='word_1_140' title='bbox 284 2415 397 2492; x_wconf 91' lang='lat' dir='ltr'>gealur</span> <span class='ocrx_word' id='word_1_141' title='bbox 419 2425 510 2474; x_wconf 91' lang='lat' dir='ltr'>amor</span> <span class='ocrx_word' id='word_1_142' title='bbox 534 2404 608 2486; x_wconf 84' lang='lat' dir='ltr'>llei;</span> <span class='ocrx_word' id='word_1_143' title='bbox 632 2406 720 2485; x_wconf 88' lang='lat' dir='ltr'>sciat,</span> <span class='ocrx_word' id='word_1_144' title='bbox 745 2405 940 2491; x_wconf 87' lang='lat' dir='ltr'>quicumque</span> <span class='ocrx_word' id='word_1_145' title='bbox 963 2404 1035 2471; x_wconf 89' lang='lat' dir='ltr'>talis</span> <span class='ocrx_word' id='word_1_146' title='bbox 1051 2412 1109 2484; x_wconf 82' lang='lat' dir='ltr'>cst,</span> <span class='ocrx_word' id='word_1_147' title='bbox 1133 2421 1168 2472; x_wconf 90' lang='lat' dir='ltr'>se</span> <span class='ocrx_word' id='word_1_148' title='bbox 1192 2403 1257 2471; x_wconf 90' lang='lat' dir='ltr'>snb</span> 
     </span>
     <span class='ocr_line' id='line_1_22' title="bbox 285 2508 1256 2598; baseline -0.004 -18"><span class='ocrx_word' id='word_1_149' title='bbox 285 2511 389 2598; x_wconf 87' lang='lat' dir='ltr'>specie</span> <span class='ocrx_word' id='word_1_150' title='bbox 414 2510 589 2596; x_wconf 87' lang='lat' dir='ltr'>spiritualis</span> <span class='ocrx_word' id='word_1_151' title='bbox 612 2511 731 2580; x_wconf 88' lang='lat' dir='ltr'>amoris</span> <span class='ocrx_word' id='word_1_152' title='bbox 762 2509 881 2578; x_wconf 89' lang='lat' dir='ltr'>carnali</span> <span class='ocrx_word' id='word_1_153' title='bbox 915 2509 1083 2576; x_wconf 89' lang='lat' dir='ltr'>dilectione</span> <span class='ocrx_word' id='word_1_154' title='bbox 1107 2516 1139 2576; x_wconf 87' lang='lat' dir='ltr'>et</span> <span class='ocrx_word' id='word_1_155' title='bbox 1166 2508 1256 2576; x_wconf 88' lang='lat' dir='ltr'>dele·</span> 
     </span>
     <span class='ocr_line' id='line_1_23' title="bbox 285 2614 1257 2704; baseline -0.001 -19"><span class='ocrx_word' id='word_1_156' title='bbox 285 2618 420 2686; x_wconf 91' lang='lat' dir='ltr'>ctatione</span> <span class='ocrx_word' id='word_1_157' title='bbox 455 2616 576 2697; x_wconf 89' lang='lat' dir='ltr'>deludi,</span> <span class='ocrx_word' id='word_1_158' title='bbox 599 2616 675 2704; x_wconf 90' lang='lat' dir='ltr'>quia</span> <span class='ocrx_word' id='word_1_159' title='bbox 707 2617 840 2702; x_wconf 87' lang='lat' dir='ltr'>spiritus</span> <span class='ocrx_word' id='word_1_160' title='bbox 874 2617 1024 2702; x_wconf 90' lang='lat' dir='ltr'>spiritum</span> <span class='ocrx_word' id='word_1_161' title='bbox 1060 2614 1165 2700; x_wconf 79' lang='lat' dir='ltr'>diligit</span> <span class='ocrx_word' id='word_1_162' title='bbox 1195 2631 1257 2684; x_wconf 87' lang='lat' dir='ltr'>nec</span> 
     </span>
     <span class='ocr_line' id='line_1_24' title="bbox 284 2720 1255 2810; baseline -0.003 -19"><span class='ocrx_word' id='word_1_163' title='bbox 284 2722 505 2810; x_wconf 86' lang='lat' dir='ltr'>corporalibus</span> <span class='ocrx_word' id='word_1_164' title='bbox 527 2723 732 2808; x_wconf 85' lang='lat' dir='ltr'>amplexibus</span> <span class='ocrx_word' id='word_1_165' title='bbox 757 2720 887 2808; x_wconf 83' lang='lat' dir='ltr'>indiget,</span> <span class='ocrx_word' id='word_1_166' title='bbox 910 2721 987 2808; x_wconf 87' lang='lat' dir='ltr'>qnia</span> <span class='ocrx_word' id='word_1_167' title='bbox 1018 2722 1079 2789; x_wconf 86' lang='lat' dir='ltr'>boc</span> <span class='ocrx_word' id='word_1_168' title='bbox 1109 2729 1159 2789; x_wconf 89' lang='lat' dir='ltr'>est</span> <span class='ocrx_word' id='word_1_169' title='bbox 1181 2738 1255 2789; x_wconf 86' lang='lat' dir='ltr'>ear-</span> 
     </span>
     <span class='ocr_line' id='line_1_25' title="bbox 286 2827 1254 2917; baseline -0.004 -18"><span class='ocrx_word' id='word_1_170' title='bbox 286 2832 367 2900; x_wconf 88' lang='lat' dir='ltr'>nalis</span> <span class='ocrx_word' id='word_1_171' title='bbox 390 2832 509 2900; x_wconf 92' lang='lat' dir='ltr'>amoris</span> <span class='ocrx_word' id='word_1_172' title='bbox 537 2830 701 2910; x_wconf 89' lang='lat' dir='ltr'>indicium,</span> <span class='ocrx_word' id='word_1_173' title='bbox 732 2830 788 2916; x_wconf 88' lang='lat' dir='ltr'>qui</span> <span class='ocrx_word' id='word_1_174' title='bbox 820 2836 939 2916; x_wconf 86' lang='lat' dir='ltr'>quanto</span> <span class='ocrx_word' id='word_1_175' title='bbox 969 2829 1043 2917; x_wconf 93' lang='lat' dir='ltr'>plus</span> <span class='ocrx_word' id='word_1_176' title='bbox 1074 2827 1191 2897; x_wconf 85' lang='lat' dir='ltr'>erescit</span> <span class='ocrx_word' id='word_1_177' title='bbox 1222 2827 1254 2895; x_wconf 92' lang='lat' dir='ltr'>in</span> 
     </span>
     <span class='ocr_line' id='line_1_26' title="bbox 284 2935 1255 3023; baseline -0.005 -16"><span class='ocrx_word' id='word_1_178' title='bbox 284 2939 391 3018; x_wconf 90' lang='lat' dir='ltr'>corde,</span> <span class='ocrx_word' id='word_1_179' title='bbox 415 2945 501 3005; x_wconf 86' lang='lat' dir='ltr'>tanto</span> <span class='ocrx_word' id='word_1_180' title='bbox 525 2937 626 3023; x_wconf 92' lang='lat' dir='ltr'>magis</span> <span class='ocrx_word' id='word_1_181' title='bbox 649 2936 825 3023; x_wconf 89' lang='lat' dir='ltr'>spiritualis</span> <span class='ocrx_word' id='word_1_182' title='bbox 849 2953 940 3004; x_wconf 88' lang='lat' dir='ltr'>amor</span> <span class='ocrx_word' id='word_1_183' title='bbox 964 2935 1120 3003; x_wconf 91' lang='lat' dir='ltr'>minuitur</span> <span class='ocrx_word' id='word_1_184' title='bbox 1151 2944 1184 3003; x_wconf 90' lang='lat' dir='ltr'>et</span> <span class='ocrx_word' id='word_1_185' title='bbox 1208 2952 1255 3002; x_wconf 83' lang='lat' dir='ltr'>rc·</span> 
     </span>
     <span class='ocr_line' id='line_1_27' title="bbox 284 3043 1253 3133; baseline -0.001 -20"><span class='ocrx_word' id='word_1_186' title='bbox 284 3045 434 3133; x_wconf 74' lang='lat' dir='ltr'>frigescit,</span> <span class='ocrx_word' id='word_1_187' title='bbox 463 3053 495 3114; x_wconf 87' lang='lat' dir='ltr'>el</span> <span class='ocrx_word' id='word_1_188' title='bbox 530 3063 547 3114; x_wconf 89' lang='lat' dir='ltr'>e</span> <span class='ocrx_word' id='word_1_189' title='bbox 579 3062 733 3113; x_wconf 82' lang='lat' dir='ltr'>converso</span> <span class='ocrx_word' id='word_1_190' title='bbox 759 3043 935 3132; x_wconf 89' lang='lat' dir='ltr'>spiritualis</span> <span class='ocrx_word' id='word_1_191' title='bbox 964 3061 1056 3112; x_wconf 89' lang='lat' dir='ltr'>amor</span> <span class='ocrx_word' id='word_1_192' title='bbox 1090 3044 1253 3112; x_wconf 87' lang='lat' dir='ltr'>carnalem</span> 
     </span>
     <span class='ocr_line' id='line_1_28' title="bbox 286 3150 653 3239; baseline -0.008 -21"><span class='ocrx_word' id='word_1_193' title='bbox 286 3151 434 3239; x_wconf 89' lang='lat' dir='ltr'>reprimit</span> <span class='ocrx_word' id='word_1_194' title='bbox 457 3158 489 3219; x_wconf 89' lang='lat' dir='ltr'>et</span> <span class='ocrx_word' id='word_1_195' title='bbox 511 3150 653 3237; x_wconf 84' lang='lat' dir='ltr'>expellit.</span> 
     </span>
    </p>

    <p class='ocr_par' dir='ltr' id='par_1_4' title="bbox 283 3254 1254 3558">
     <span class='ocr_line' id='line_1_29' title="bbox 372 3254 1254 3345; baseline -0.001 -20"><span class='ocrx_word' id='word_1_196' title='bbox 372 3258 404 3325; x_wconf 81' lang='lat' dir='ltr'>d.</span> <span class='ocrx_word' id='word_1_197' title='bbox 429 3258 576 3345; x_wconf 86' lang='lat' dir='ltr'>Triplieis</span> <span class='ocrx_word' id='word_1_198' title='bbox 599 3264 707 3326; x_wconf 88' lang='lat' dir='ltr'>antem</span> <span class='ocrx_word' id='word_1_199' title='bbox 731 3256 851 3343; x_wconf 89' lang='lat' dir='ltr'>peccati</span> <span class='ocrx_word' id='word_1_200' title='bbox 876 3273 952 3325; x_wconf 87' lang='lat' dir='ltr'>reus</span> <span class='ocrx_word' id='word_1_201' title='bbox 972 3254 1109 3324; x_wconf 81' lang='lat' dir='ltr'>efficitur</span> <span class='ocrx_word' id='word_1_202' title='bbox 1137 3256 1192 3344; x_wconf 86' lang='lat' dir='ltr'>qni</span> <span class='ocrx_word' id='word_1_203' title='bbox 1211 3265 1254 3324; x_wconf 87' lang='lat' dir='ltr'>ta·</span> 
     </span>
     <span class='ocr_line' id='line_1_30' title="bbox 285 3361 1252 3451; baseline -0.002 -19"><span class='ocrx_word' id='word_1_204' title='bbox 285 3365 371 3436; x_wconf 89' lang='lat' dir='ltr'>libus</span> <span class='ocrx_word' id='word_1_205' title='bbox 393 3365 616 3451; x_wconf 87' lang='lat' dir='ltr'>corporalibus</span> <span class='ocrx_word' id='word_1_206' title='bbox 639 3362 802 3432; x_wconf 85' lang='lat' dir='ltr'>blanditiis</span> <span class='ocrx_word' id='word_1_207' title='bbox 824 3363 871 3432; x_wconf 91' lang='lat' dir='ltr'>uti</span> <span class='ocrx_word' id='word_1_208' title='bbox 889 3380 923 3431; x_wconf 90' lang='lat' dir='ltr'>se</span> <span class='ocrx_word' id='word_1_209' title='bbox 939 3361 1023 3431; x_wconf 86' lang='lat' dir='ltr'>licite</span> <span class='ocrx_word' id='word_1_210' title='bbox 1039 3379 1133 3450; x_wconf 87' lang='lat' dir='ltr'>posse</span> <span class='ocrx_word' id='word_1_211' title='bbox 1149 3369 1252 3450; x_wconf 88' lang='lat' dir='ltr'>putat,</span> 
     </span>
     <span class='ocr_line' id='line_1_31' title="bbox 283 3467 1252 3558; baseline -0.004 -18"><span class='ocrx_word' id='word_1_212' title='bbox 283 3471 407 3540; x_wconf 89' lang='lat' dir='ltr'>etiamsi</span> <span class='ocrx_word' id='word_1_213' title='bbox 432 3471 553 3540; x_wconf 89' lang='lat' dir='ltr'>nullam</span> <span class='ocrx_word' id='word_1_214' title='bbox 578 3470 715 3540; x_wconf 86' lang='lat' dir='ltr'>ulterius</span> <span class='ocrx_word' id='word_1_215' title='bbox 738 3470 828 3556; x_wconf 87' lang='lat' dir='ltr'>pravi</span> <span class='ocrx_word' id='word_1_216' title='bbox 852 3469 958 3558; x_wconf 90' lang='lat' dir='ltr'>operis</span> <span class='ocrx_word' id='word_1_217' title='bbox 974 3469 1090 3538; x_wconf 87' lang='lat' dir='ltr'>babeat</span> <span class='ocrx_word' id='word_1_218' title='bbox 1106 3467 1252 3536; x_wconf 82' lang='lat' dir='ltr'>volunta·</span> 
     </span>
    </p>
   </div>
   <div class='ocr_carea' id='block_1_3' title="bbox 358 3593 580 3663">
    <p class='ocr_par' dir='ltr' id='par_1_5' title="bbox 358 3593 580 3663">
     <span class='ocr_line' id='line_1_32' title="bbox 358 3593 580 3663; baseline 0 -15"><span class='ocrx_word' id='word_1_219' title='bbox 358 3593 366 3629; x_wconf 86' lang='lat'><strong>¹</strong></span> <span class='ocrx_word' id='word_1_220' title='bbox 387 3595 472 3649; x_wconf 77' lang='lat' dir='ltr'>nacto.</span> <span class='ocrx_word' id='word_1_221' title='bbox 492 3597 517 3663; x_wconf 81' lang='lat' dir='ltr'>e,</span> <span class='ocrx_word' id='word_1_222' title='bbox 538 3596 580 3649; x_wconf 81' lang='lat' dir='ltr'>aa.</span> 
     </span>
    </p>
   </div>
   <div class='ocr_carea' id='block_1_4' title="bbox 0 0 1408 4318">
    <p class='ocr_par' dir='ltr' id='par_1_6' title="bbox 0 0 1408 4318">
     <span class='ocr_line' id='line_1_33' title="bbox 0 0 1408 4318; baseline 0 0"><span class='ocrx_word' id='word_1_223' title='bbox 0 0 1408 4318; x_wconf 95' lang='lat' dir='ltr'> </span> 
     </span>
    </p>
   </div>
  </div>
 </body>
</html>
