2808 4318
860 176 869 201 .

316 225 377 291 176
670 244 758 290 niune
781 242 920 291 rsnrrns.

296 347 397 432 =inde,
420 346 506 432 quia,
529 364 602 414 com
627 347 667 414 ad
692 365 806 432 magua
831 347 986 414 virtutum
1005 348 1146 432 praemia
1161 364 1270 432 perre-

305 437 382 520 'nire
405 451 531 530 diffidit,
555 452 650 519 etiam
674 453 704 519 in
729 452 908 520 minoribus
931 453 1076 520 exerceri
1093 453 1221 520 fastidit.
1239 453 1271 519 Et

313 561 397 646 quod
423 561 501 627 haec
526 559 656 627 tentatio
672 577 713 626 ex
731 560 828 645 priori
846 560 979 636 oriatur,
995 560 1185 640 ostenditur,
1200 561 1272 645 qnia

194 673 205 700 ¹
313 667 418 734 statim
435 673 506 752 post
523 683 672 732 murmur
689 665 797 752 populi
814 683 872 751 pro
897 665 1006 734 labore
1027 668 1174 753 seqnitur
1191 685 1273 735 mur·

314 791 387 841 mur
404 791 462 859 pro
478 772 605 839 fastidio
622 790 755 840 mannae
773 772 795 854 ¹,
818 772 903 858 quud
921 772 1079 858 significat
1099 772 1272 861 spiritualis

313 879 492 948 relectionis
515 878 713 959 alimentum,
737 881 820 946 sicut
843 887 918 948 snut
941 880 1040 947 verba
1065 898 1176 948 sacrae
1200 879 1275 947 Scri·

312 995 481 1072 pturaeet
504 985 586 1052 bona
609 1003 717 1072 opera,
741 1003 822 1071 quae
839 993 973 1070 pascunt
995 987 1136 1053 animam
1160 993 1194 1054 et
1209 985 1276 1053 reii-

312 1096 401 1162 cinnt
425 1093 659 1161 conscientiam.
677 1093 722 1159 De
738 1093 798 1160 hoc
815 1092 971 1179 Propheta
988 1093 1064 1160 dicit
1078 1093 1106 1159 ¹:
1135 1093 1272 1160 Omnem

312 1219 422 1266 escum
446 1198 642 1265 oboucioote
665 1208 713 1265 est
734 1199 854 1266 animo
877 1218 1006 1278 eoruot,
1037 1208 1068 1266 ct
1096 1199 1276 1286 appropio

312 1315 503 1397 quooerttut
526 1325 630 1394 usque
653 1306 701 1373 od
718 1314 839 1393 portos
862 1307 989 1372 mortis.

403 1419 433 1482 2.
458 1414 500 1481 ld
527 1415 593 1481 dno
615 1421 721 1480 autem
748 1413 845 1480 trahit
879 1415 940 1480 ista
971 1413 1117 1482 tentatio:
1150 1423 1209 1481 aut
1236 1411 1275 1480 ad

313 1522 492 1589 exteriores
508 1519 860 1589 consolatiunculas
875 1521 1056 1588 saeculares
1073 1521 1231 1602 levitates,
1243 1529 1277 1587 ut

312 1629 366 1712 qui
392 1628 574 1695 nonhabet
599 1627 630 1693 in
654 1626 875 1712 spiritualibus
896 1626 1139 1696 delectationem
1163 1627 1276 1695 saltem

313 1735 344 1800 in
369 1733 551 1801 carnalibus
566 1741 700 1819 quaerat
715 1741 747 1800 et
769 1734 990 1800 saecularibus
1004 1734 1109 1819 nugis,
1126 1753 1193 1821 quo
1208 1752 1278 1803 con·

313 1840 397 1908 solat
419 1840 555 1920 fastidio,
578 1858 643 1926 quo
666 1851 822 1921 vexatur3
851 1839 897 1907 sic
927 1847 959 1908 et
989 1840 1045 1920 illi,
1068 1841 1123 1927 qui
1159 1859 1279 1908 manna

311 1956 476 2027 nauseant,
505 1964 617 2014 carnes
647 1947 876 2032 concupiscunt
905 1954 937 2014 et
968 1965 1108 2033 pepones
1139 1956 1171 2015 et
1205 1965 1277 2034 por-

314 2055 393 2121 ros³
416 2061 487 2134 etc,
511 2054 542 2120 id
566 2062 614 2121 est
644 2053 785 2120 carnalia
808 2060 840 2120 et
863 2061 989 2121 terrena
1013 2053 1131 2140 gaudia
1160 2061 1195 2122 et
1219 2053 1278 2122 sol·

313 2161 493 2229 licitudiues
513 2160 709 2228 exteriorum
727 2160 936 2245 negotiorum,
952 2179 1036 2247 quae
1051 2178 1111 2228 sua
1125 2160 1278 2230 acredine

312 2268 402 2353 qnasi
420 2267 506 2354 porri
527 2267 738 2333 fastidientem
763 2273 894 2350 gustum
919 2267 1073 2334 irritando
1106 2266 1277 2346 delectant,

312 2377 366 2444 sed
385 2382 492 2462 postea
516 2373 738 2442 conscientiam
762 2373 967 2441 amaricatam
991 2373 1033 2442 ad
1056 2373 1170 2441 fletum
1195 2392 1278 2442 com·

312 2482 452 2569 pellunt;
465 2519 509 2530 -
521 2481 633 2548 autad
649 2479 793 2547 uimiom
810 2480 986 2548 tristitiom
1001 2481 1100 2547 trabit
1116 2481 1199 2549 baec
1215 2490 1278 2548 ten

312 2591 388 2658 tatio
412 2588 539 2668 fastidii,
555 2589 633 2655 dom
650 2606 712 2654 non
736 2587 832 2654 babet
847 2588 878 2654 in
895 2587 1118 2674 spiritualibus
1142 2587 1278 2657 delecta·

312 2700 428 2765 tiouem
452 2703 483 2764 et
505 2696 538 2761 in
570 2694 751 2762 carnalibus
768 2693 924 2761 consolari
941 2694 1063 2775 renuit;
1087 2700 1118 2762 et
1143 2695 1189 2764 sic
1205 2711 1278 2762 nus

312 2822 407 2891 qoam
440 2799 603 2870 inveniens
626 2801 785 2887 refugium
811 2818 926 2885 magno
950 2818 1095 2868 moerore
1118 2800 1277 2869 consumi·

312 2920 365 2980 tur
382 2910 405 2977 ⁴.
430 2910 537 2978 Solum
561 2927 637 2995 ergo
660 2916 769 2987 restat,
792 2914 828 2974 ut
862 2907 1022 2980 instanter,
1051 2907 1197 2975 emmena
1231 2907 1279 2975 od

384 3123 393 3154 ¹
413 3125 490 3178 Num.
509 3124 553 3189 ll,
572 3121 597 3176 l.
616 3121 641 3175 5.
866 3117 877 3151 ¹
896 3121 938 3174 Ps.
957 3121 1018 3184 too,
1038 3121 1080 3173 te.

383 3213 490 3266 ³Num.
509 3213 552 3278 tt,
572 3212 597 3266 5.

383 3300 395 3332 ⁴
414 3302 479 3357 Cod.
497 3303 518 3354 G
538 3303 580 3355 bie
598 3301 684 3354 addit:
704 3299 863 3355 Bemmrdrts
882 3297 956 3354 circu
973 3297 1120 3368 proedicto.
1141 3299 1217 3353 llnuc
1241 3299 1276 3352 lo

312 3405 373 3446 cum
392 3394 417 3444 iu
438 3389 564 3457 operibus
583 3393 608 3442 S.
628 3389 754 3443 Beruardi
772 3387 934 3443 verbotenus
952 3401 1005 3442 non
1034 3387 1200 3454 invenimus;
1227 3387 1276 3441 elr.

313 3488 398 3534 tamen
419 3481 497 3547 Epist.
516 3479 550 3533 nd
570 3479 671 3532 Fratres
690 3478 723 3532 de
742 3478 827 3531 llonre
846 3478 902 3545 Dei,
915 3475 961 3530 lib.
980 3477 997 3530 l.
1011 3490 1033 3530 c.
1047 3477 1073 3530 6.
1087 3491 1112 3532 n.
1128 3478 1177 3540 l63
1194 3491 1275 3531 serm.

312 3571 337 3624 2.
357 3571 383 3622 ln
402 3569 466 3622 lesto
486 3571 511 3622 S.
531 3567 650 3620 Andreae
669 3568 758 3634 Apost.
788 3580 813 3618 n.
841 3565 871 3633 l;
901 3577 980 3618 serm.
1009 3566 1052 3618 8⁴.
1081 3564 1116 3618 de
1146 3566 1274 3630 Diversls;
