2742 4320
294 272 334 320 nn
357 274 400 321 vn
423 273 635 323 naoccssmns.
660 273 833 323 nnocnssus
856 273 908 320 vn.
1008 252 1072 320 347

99 378 203 459 lucis,
221 379 252 445 in
275 379 466 447 amoenitate
489 379 616 447 divinae
640 379 829 459 dulcedinis,
847 379 878 444 in
902 379 1072 446 securitate

98 485 208 571 pacis.
233 485 312 552 llaec
335 493 443 552 auum
468 485 644 572 spiritualis
667 485 842 553 amoenitas
876 503 938 552 non
970 493 1073 570 polest

100 610 168 679 per
191 592 316 678 aliquas
340 593 558 678 imaginabiles
582 591 719 660 describi
754 592 980 661 similitudines
1014 610 1072 662 nec

100 717 169 786 per
185 699 381 767 sensibilium
400 700 526 788 depingi
544 700 806 786 comparationes,
823 700 898 786 quia
916 717 997 786 pure
1012 699 1074 786 spi·

102 807 239 876 ritualia
262 815 385 874 unium
410 807 564 875 dilleruut
587 827 606 874 a
630 806 844 886 sensibilibus,
868 805 950 874 sicut
966 812 997 874 et
1012 807 1074 894 spi·

102 914 193 981 ritus
215 933 234 980 a
258 931 408 1000 corpore3
432 914 565 1000 spiritns
589 931 666 982 vero
690 913 852 981 rationalis
876 930 933 981 nec
954 930 1072 1000 corpus

104 1028 158 1089 est
181 1037 239 1088 nec
262 1021 405 1106 corporis
429 1020 614 1088 similitudo.

438 1198 620 1264 Cnnrrncun
645 1197 743 1264 lxlv.

291 1372 391 1439 Circo
414 1372 699 1458 contemplationis
722 1391 891 1438 excessum

214 1481 366 1546 diversae
389 1479 597 1546 devotionum
620 1480 743 1565 specics
768 1488 965 1566 rumpuntur.

204 1661 231 1724 l.
255 1658 345 1726 Circa
370 1677 446 1725 vero
477 1659 564 1725 burne
593 1657 867 1743 contemplationis
901 1675 1071 1726 excessum

112 1774 189 1832 sunt
219 1765 364 1832 diversae
396 1765 599 1832 devotionum
633 1765 764 1850 species
797 1783 877 1850 quas
910 1765 1073 1832 brevilalis

111 1890 210 1939 causa
234 1882 408 1958 praetereo,
432 1872 550 1958 quibus
576 1872 624 1938 vel
641 1873 805 1957 Scriptura
822 1873 872 1938 vel
889 1872 1072 1958 Scripturae

109 1987 297 2046 tractatores
321 1980 448 2046 diversa
470 1980 599 2045 numina
623 1979 855 2066 imposuerunt,
878 1979 1072 2058 otiabitur,

110 2085 253 2153 ebrietas
276 2085 431 2172 spiritus,
462 2085 653 2171 spiritualia
685 2086 893 2165 iucunditas,
930 2084 1073 2175 liquefac·
1188 2079 1200 2098 ‘

111 2193 176 2260 ctio
199 2201 269 2272 etc,
293 2211 375 2278 quae
398 2194 541 2280 expertis
557 2201 588 2260 et
605 2193 791 2260 vacantibus
808 2194 1010 2278 explananda
1027 2213 1074 2261 re·

112 2299 232 2386 linquo,
256 2299 362 2386 aliqua
386 2307 492 2366 tamen
518 2300 657 2367 breviter
681 2309 807 2385 tangam
837 2301 983 2368 istorum.

203 2409 234 2473 b.
261 2407 296 2472 Et
326 2405 400 2492 quia
432 2405 558 2472 dubitus
589 2406 742 2472 usitalum
780 2424 893 2472 nomen
927 2406 1022 2473 babet
1053 2425 1072 2473 a

111 2513 286 2599 Scriplura,
310 2514 447 2591 videtur,
471 2513 555 2598 quod
582 2513 701 2579 iubilns
725 2513 764 2580 sit
787 2513 949 2599 qltoddam
979 2513 1073 2598 spiri-

113 2618 197 2686 tuale
222 2618 375 2704 gaudium
399 2619 487 2686 cordi
513 2627 642 2703 repente
666 2619 832 2704 exaliqua
853 2619 966 2686 devota
988 2620 1072 2704 cogi-

112 2725 228 2792 tatione
252 2725 302 2791 vel
327 2725 494 2792 collatione
519 2725 669 2804 inlusum,
693 2725 778 2811 quod
797 2733 898 2792 toturn
920 2743 975 2793 cnr
999 2743 1073 2792 con-

111 2833 243 2900 rutilet
266 2849 448 2918 corpusex
472 2832 521 2899 sui
549 2831 747 2899 vehementia
771 2831 910 2916 qrrodam
934 2840 1073 2898 tremore

111 2945 288 3007 commovet
310 2946 341 3004 et
364 2937 593 3006 delectabiliter
614 2937 746 3017 cruciat,
770 2938 844 3023 qnia
868 2946 974 3006 molus
995 2957 1072 3024 gau-

113 3047 154 3114 dii
178 3047 371 3126 consolatur,
395 3046 449 3114 sed
475 3063 516 3112 ex
534 3045 655 3130 impetu
672 3045 868 3112 fortitudinis
884 3063 1001 3131 corpus
1016 3048 1073 3113 de-

112 3152 253 3220 bilitalur
288 3161 319 3219 et
354 3151 525 3239 aliquando
561 3169 619 3238 per
658 3152 770 3230 risum,
805 3152 979 3238 aliquando
1014 3170 1070 3237 per

113 3259 270 3346 quosdam
303 3258 468 3338 clamores,
503 3258 675 3345 aliquando
699 3275 757 3344 per
791 3257 871 3325 alios
902 3267 1010 3344 gestus
1040 3266 1071 3325 et

113 3366 269 3452 singultus
291 3367 381 3453 quasi
407 3366 610 3452 evaporando
633 3365 784 3451 erumpit,
809 3383 870 3430 non
895 3364 1006 3432 valens
1036 3381 1071 3432 sc

113 3475 193 3542 intra
225 3491 259 3542 se
291 3473 406 3541 tacilus
440 3473 611 3541 continere.
648 3471 861 3560 Gregorius¹:
902 3471 1068 3540 «lubilum

180 3597 190 3630 ¹
210 3597 268 3652 Lib.
286 3597 382 3652 xxiv.
402 3599 491 3653 Moral.
509 3613 531 3653 c.
552 3599 578 3651 6.
598 3611 623 3652 n.
643 3598 687 3650 lb.
