2776 4316
322 255 362 302 na
385 256 427 302 vn
451 255 661 306 enecessmns.
686 255 858 304 enecassns
881 255 932 302 vn.
1041 234 1107 302 303

236 363 266 428 5.
291 362 467 448 Aliquando
490 362 582 450 quasi
605 363 779 430 mendicus
795 371 823 429 et
837 381 982 448 pauper,
999 379 1107 429 coram

145 469 245 536 divite
281 468 507 555 patrefamilias
543 470 756 556 procumbens
791 479 822 538 et
853 470 991 555 inopiam
1016 486 1108 536 snam

144 575 327 653 ostendens,
350 573 472 660 flagitat
494 593 607 661 panem
633 577 753 662 gratiae
769 575 943 662 amplioris,
959 593 1024 662 qun
1040 592 1110 642 enn-

144 680 294 761 lnrtetur,
317 700 382 767 quo
404 682 586 749 consoletur
609 691 642 750 et
664 692 861 750 sustentetur
884 684 923 749 ad
961 683 1111 750 resisten-

145 787 224 855 dum
250 787 353 866 malis,
376 789 416 855 ad
441 788 651 856 insistentium
677 791 778 869 bonis,
802 791 841 856 ad
867 790 1108 857 subsistendum

145 896 177 962 in
201 896 357 964 adversis.
373 933 417 944 -—
441 896 568 982 Triplici
593 906 699 964 antem
726 916 807 983 pane
823 899 1013 983 indigemus
1029 914 1110 984 quos

144 1003 239 1071 nobis
261 1004 303 1069 ab
325 1005 428 1070 amieo
451 1005 673 1070 commodari¹
711 1006 864 1072 instanter
892 1021 1024 1091 poscere
1059 1006 1111 1070 tle-

145 1109 271 1189 ltemns,
297 1110 355 1177 noe
386 1117 434 1176 est
465 1108 627 1187 caelestis,
649 1109 842 1196 spiritualia
872 1119 903 1177 et
928 1109 1107 1176 terrestris

147 1215 305 1283 Caelestis
327 1225 376 1284 est
399 1235 517 1302 eorpus
540 1216 675 1296 Christi3
700 1217 869 1284 loannes²:
888 1218 992 1284 Pater
1014 1235 1109 1283 meree

146 1321 207 1389 det
229 1322 322 1388 nolte
342 1342 464 1408 partem
501 1322 541 1388 de
571 1321 661 1390 caelo
684 1342 823 1401 verurrt‚·
844 1323 1039 1409 spiritualis
1062 1330 1110 1389 est

147 1431 282 1496 verbnm
308 1430 364 1496 Dei
388 1441 418 1496 et
443 1433 544 1516 gralia
567 1431 693 1496 interna
726 1439 862 1496 mentem
894 1431 936 1496 ab
968 1429 1109 1497 interiori

145 1537 252 1604 inedia
277 1538 431 1604 virtutum
449 1546 480 1603 et
496 1537 653 1604 donorum
678 1537 829 1603 alimento
845 1536 1005 1615 reficiens
1030 1536 1110 1602 Psal-

146 1642 263 1710 mns⁸:
290 1645 329 1709 Et
351 1643 453 1728 panis
476 1662 534 1709 eor
559 1640 703 1709 hominis
726 1641 1110 1726 carmentem-terrestres

144 1759 194 1818 ast
218 1751 321 1818 victus
344 1761 375 1817 et
399 1751 596 1828 alimentum,
620 1769 685 1836 qrin
707 1768 825 1836 corpus
858 1750 909 1816 hie
936 1751 1108 1816 sustentari

145 1875 275 1925 necesse
301 1859 405 1924 nabet.
441 1858 527 1924 llunc
560 1859 698 1943 petimus
727 1857 879 1923 dieemlo:
905 1857 1032 1922 Panem
1056 1873 1111 1922 nn

144 1973 256 2032 strum
280 1964 513 2052 quotidianum
538 1964 584 2030 de
607 1962 702 2030 nobie
725 1961 831 2042 hodie,
855 1963 923 2030 sina
939 1982 1004 2050 qun
1020 1963 1110 2029 nullo

146 2072 198 2139 die
223 2072 398 2138 subsistere
423 2072 583 2149 valemus;
605 2071 690 2137 omni
713 2073 798 2137 enim
825 2071 904 2136 lima
927 2071 994 2137 Dei·
1008 2072 1110 2155 gratia

146 2178 337 2263 indigemus
361 2188 392 2246 et
417 2179 488 2245 ideo
511 2196 637 2263 semper
660 2195 730 2244 eam
767 2177 930 2263 postulare
959 2178 1109 2246 iubemur

146 2286 186 2352 ad
211 2286 318 2352 omnia
341 2285 565 2370 aggredienda.

238 2393 268 2457 6.
294 2391 469 2477 aliquando
492 2391 582 2476 qnasi
607 2390 700 2475 filies
733 2391 813 2474 patri
846 2409 904 2477 per
927 2391 1033 2456 nmnia
1059 2410 1110 2476 pa·

147 2515 219 2564 rere
243 2505 275 2564 et
299 2497 424 2582 plaeere
448 2497 598 2565 affectans
616 2506 739 2583 patrem
756 2498 870 2564 devote
886 2507 966 2573 orat,
982 2505 1109 2563 meum

146 2622 165 2669 a
189 2604 362 2671 voluntatis
385 2621 462 2670 snae
487 2604 730 2690 beneplacitam
750 2604 838 2670 nullo
854 2605 1038 2687 discrepare
1055 2622 1110 2689 pa·

147 2713 256 2791 tiatnr,
280 2713 311 2778 in
346 2713 471 2779 actibus
502 2719 534 2779 et
569 2712 788 2778 voluntatibus
810 2720 842 2778 et
866 2711 1010 2777 moribus
1034 2728 1109 2777 eum

148 2818 192 2885 ita
214 2819 275 2886 sibi
299 2819 494 2886 eonlnrmem
519 2819 647 2898 laniena,
672 2827 708 2885 ut
740 2818 818 2884 nihil
845 2819 875 2883 in
900 2836 938 2883 en
962 2827 1111 2902 paternos

148 2926 258 2992 oeulos
282 2926 431 3005 ollendat,
456 2927 516 2993 line
547 2926 650 2993 solnm
688 2925 747 2992 sibi
785 2932 938 3010 reputans
962 2923 1111 2991 solatium

146 3040 178 3100 et
201 3050 300 3117 super
323 3033 431 3098 omnia
453 3031 649 3110 desiderans,
682 3039 718 3097 nt
749 3031 839 3097 Pater
870 3030 1015 3097 caelestis
1049 3039 1112 3097 tan·

148 3144 217 3203 tum
242 3154 334 3203 suam
359 3155 431 3203 eum
456 3155 494 3204 eo
518 3137 715 3202 voluntatem
752 3135 905 3222 perficiat,
929 3135 996 3202 sive
1020 3153 1112 3202 exer·

146 3243 249 3312 sendo
271 3243 302 3310 in
327 3244 482 3323 adversis,
505 3244 573 3310 sive
597 3243 789 3310 consolando
807 3248 837 3309 in
856 3243 1027 3329 prosperis,
1044 3243 1111 3310 sive

147 3351 357 3436 deprimendo
381 3351 430 3418 vel
455 3368 659 3436 qnoeumque
684 3351 779 3416 modo
802 3350 861 3416 sibi
880 3351 981 3436 magis
997 3349 1111 3436 placet

219 3488 229 3521 ¹
249 3491 301 3545 Gir.
320 3493 382 3545 Luc.
404 3493 445 3558 tl,
465 3491 490 3544 ὅ.
700 3489 711 3522 ¹
730 3490 795 3557 Cap.
814 3492 840 3556 6,
859 3492 903 3544 32.

218 3578 230 3610 ⁸
251 3582 291 3634 l‘s.
311 3582 371 3646 lta,
392 3581 434 3634 ltl.
