2742 4320
277 239 343 306 362
633 259 721 306 nrnnn
746 257 885 306 nunnius.

277 362 361 430 nitur
373 363 394 444 ¹,
416 382 457 429 ue
479 362 628 430 redirent
650 363 697 430 ud
715 363 888 430 Herodem.
907 363 942 430 Et
957 363 990 429 in
1006 363 1075 430 aliis
1092 363 1237 450 pluribus

278 468 355 536 loeis
379 467 483 535 simile
506 468 680 536 invenitor.
704 504 746 518 -
767 469 943 556 Aliquando
960 469 994 535 fit
1018 469 1238 556 perspiritum

277 574 458 661 angelicum
490 575 630 660 vigilanti
655 575 863 654 intrinsecus;
887 575 1058 644 Zachariae
1080 577 1238 662 quarto¹z

278 680 438 768 Aupelos,
463 681 523 769 qui
545 677 741 770 mouebatur
765 681 801 748 tis
816 699 878 761 me,
896 681 984 748 oluit
998 683 1045 749 od
1060 701 1126 748 me:
1147 680 1240 748 Ντιη·

278 788 362 876 pos'd
382 789 503 866 neseis
527 788 610 876 quid
631 797 712 855 aaut
742 785 822 856 loeo
856 797 915 857 eto.
940 827 984 837 -
1007 789 1179 877 Aliquando
1200 789 1241 856 iil

277 913 336 983 per
360 895 513 981 Spiritum
539 902 683 962 sanetum
710 893 844 962 interius
868 896 898 962 in
917 903 1036 975 mente;
1054 893 1234 963 Psalmus’:

278 1002 443 1080 Audiam,
467 1001 552 1090 quid
573 1000 731 1089 loquutur·
755 1000 792 1067 iu
807 1020 859 1066 me
875 1000 1039 1068 Dominus
1058 1002 1142 1068 oeus
1156 1009 1236 1081 etn.;

277 1122 309 1181 et
333 1114 393 1180 hoe
417 1113 545 1181 duobus
569 1112 690 1180 modis:
715 1131 789 1193 nno,
813 1131 886 1180 oum
913 1113 1047 1199 inspirat
1070 1113 1165 1180 menti
1182 1113 1241 1180 ali·

278 1219 357 1306 quid
381 1219 540 1305 agendum
567 1220 617 1286 vel
641 1219 824 1300 dicendum,
848 1220 898 1287 vel
922 1220 962 1286 de
986 1219 1124 1306 propriis
1138 1219 1240 1300 deuel,

278 1326 329 1393 vel
354 1327 394 1393 de
418 1325 538 1406 alienis,
555 1325 638 1394 siout
662 1327 834 1412 Prophetas
858 1327 1035 1413 inspiravit,
1058 1327 1134 1413 quid
1157 1326 1241 1396 iane-

278 1440 350 1500 renl
376 1433 425 1499 vel
450 1433 602 1514 dicerent,
627 1433 676 1500 vel
709 1451 781 1501 nom
806 1433 914 1501 lutona
938 1434 994 1513 eis,
1019 1433 1070 1499 vel
1100 1435 1244 1502 absentia

278 1539 330 1607 vel
353 1539 539 1612 abscondita
563 1541 726 1608 revelavit.
758 1540 903 1608 seeundo
938 1542 1042 1622 modo,
1074 1559 1146 1608 cum
1179 1559 1244 1608 nou

279 1646 319 1714 de
354 1645 482 1732 speciali
519 1647 601 1713 laeto
633 1647 687 1713 illo
720 1647 768 1714 vel
802 1647 866 1727 illo,
891 1648 947 1715 sed
968 1647 1170 1734 praerutilo
1202 1649 1243 1716 ad

278 1753 376 1839 plora
400 1771 458 1839 per
482 1754 596 1820 mentis
621 1753 884 1822 illuminationem
908 1753 1057 1834 ostendit,
1092 1753 1169 1842 quaid
1194 1773 1244 1822 se

279 1860 423 1927 eundum
450 1861 591 1928 veritatis
616 1860 770 1928 iudicium
794 1861 836 1927 sil
859 1860 984 1940 melios,
1010 1861 1059 1927 vel
1089 1878 1152 1928 non
1181 1878 1246 1928 me

280 1965 361 2045 lius;
386 1967 468 2033 siout
492 1967 584 2034 donet
606 1985 717 2034 omues
741 1968 840 2035 iustos
864 1967 1032 2034 declinare
1055 1987 1079 2034 o
1102 1967 1193 2036 molo
1217 1976 1247 2035 et

197 2061 198 2065 ’
279 2069 392 2158 faeere
417 2072 569 2139 ὸοτταττι4
591 2081 623 2140 et
646 2092 703 2160 per
727 2075 875 2160 spiritum
900 2075 1059 2154 scientiae,
1092 2075 1142 2142 nel
1174 2093 1249 2142 con·

279 2179 352 2259 silli,
371 2181 420 2248 vel
442 2181 630 2260 intonantes,
649 2182 697 2247 vel
713 2182 885 2267 sapientiae
902 2181 1135 2269 beneplacitum
1153 2199 1249 2267 agno

280 2303 370 2354 scere
393 2294 426 2353 el
449 2286 566 2372 eligere
589 2287 721 2373 potiora.

370 2393 400 2461 3.
426 2396 478 2462 Est
501 2403 532 2462 et
555 2395 639 2462 alins
664 2396 778 2462 modus
794 2394 996 2462 revelationis
1011 2410 1070 2481 per
1086 2395 1245 2480 Spiritum

283 2509 439 2582 sanetum,
463 2518 536 2568 eom
562 2501 657 2567 lromn
680 2519 719 2568 ex
744 2500 799 2568 liei
825 2501 1029 2586 inspiratione
1052 2508 1124 2567 orat
1138 2500 1245 2570 Βτιιω

281 2628 341 2696 ρτο
363 2609 470 2694 aliqua
492 2607 633 2693 speciali
653 2625 750 2674 eausa
775 2608 903 2694 propria
927 2607 975 2674 vel
1004 2607 1108 2674 aliena
1131 2615 1165 2675 el
1188 2626 1251 2695 per

281 2715 429 2782 affectum
454 2715 631 2782 devotionis
655 2723 685 2780 et
708 2713 859 2781 fiduciam
888 2713 1105 2781 exauditionis
1129 2715 1251 2784 intelli-

281 2823 327 2908 git
350 2839 384 2888 so
407 2820 597 2889 exauditum
622 2821 653 2886 in
679 2821 738 2887 irae
755 2820 912 2906 petitione.
929 2819 990 2886 Sed
1008 2819 1080 2887 linet
1096 2819 1252 2904 confidat,

281 2927 435 3015 quodid,
459 2945 518 3013 pro
542 2945 606 3012 qno
629 2927 743 3006 oravit,
768 2925 953 2992 habiturum
978 2926 1019 2994 sit
1052 2945 1251 3014 prosperum

282 3050 488 3113 suecessum3
516 3034 615 3100 nescit
647 3042 751 3100 tamen
787 3050 893 3119 saepe,
927 3051 993 3120 qua
1028 3035 1080 3100 via
1116 3035 1253 3104 babebit

281 3158 478 3229 processum.
505 3140 526 3207 E
549 3140 718 3219 contrario,
742 3157 815 3207 enm
833 3157 895 3207 noo
917 3140 1021 3221 sentit,
1038 3141 1097 3208 sibi
1121 3140 1251 3210 ininndi

281 3247 432 3316 fiduciam
456 3245 684 3326 exauditionis,
708 3245 864 3334 intelligit,
888 3264 922 3315 se
957 3265 1020 3314 uon
1056 3247 1251 3316 habiturum

281 3354 429 3422 enectum
455 3371 532 3420 suae
555 3354 724 3440 petitionis
748 3353 821 3422 licet
843 3372 905 3420 non
930 3353 970 3420 sit
987 3353 1018 3421 in
1036 3353 1097 3422 hoo
1113 3353 1250 3422 omnino

354 3495 362 3530 ¹
382 3496 468 3550 natan.
488 3497 514 3563 e,
536 3497 579 3548 in.
833 3491 940 3549 ‘vere
959 3495 985 3550 s.

352 3579 530 3649 ⁸mmn
832 3581 1029 3649 ‘mmm
