2738 4316
483 287 667 336 banniario.
1036 289 1058 338 V

81 389 293 461 proficientium
310 393 336 446 ct
352 391 542 462 perfectoram,
567 402 592 447 et
619 394 729 448 brevem
758 396 947 460 expositionem
975 411 1058 463 super

81 481 224 544 Regulam
242 479 362 533 Fratrum
381 481 519 534 llinorum.
538 482 561 534 ls
579 484 659 536 vitam
679 483 784 536 duxisse
798 483 921 538 scribitur
933 487 1059 538 innocen-

82 571 230 622 tissimam.
250 571 319 623 llora
339 570 540 626 obdormitionis
558 574 615 625 elus
634 574 748 626 revelata
776 574 824 626 luit
848 572 890 627 Fr.
917 573 1058 630 Bertboldo

82 658 252 712 liatisbonae
271 666 329 712 actu
350 659 520 726 praedicanti,
538 662 594 728 qul,
615 661 834 716 recommendans
860 677 923 717 eum
948 664 1056 732 populo,

81 751 161 803 bunc
181 762 306 804 versum:

308 875 358 942 Qui
378 876 446 940 pius,
465 874 591 940 prudens,
611 877 868 945 lrumilis‚'pudicus,

309 963 426 1031 Sobrius,
445 970 532 1018 castus
551 966 598 1018 luit
616 973 642 1020 et
660 969 774 1034 quietus,

308 1052 367 1106 Vita
386 1053 451 1106 dum
469 1067 596 1118 praesens
614 1058 747 1122 vegetavit
765 1059 822 1110 eius

379 1139 502 1206 Corporis
521 1148 593 1196 artus

84 1289 111 1340 in
126 1289 188 1340 eius
201 1287 309 1340 laudem
323 1289 442 1340 recitavit
451 1308 477 1340 a.
486 1315 522 1327 -
532 1289 584 1341 Nic.
595 1287 767 1354 Glassberger
775 1288 907 1354 (Analecta
917 1287 1056 1353 Francisc,

85 1383 105 1428 t.
125 1377 154 1428 ll.
175 1391 203 1441 p.
223 1377 269 1442 83)
290 1375 383 1429 babet:
405 1382 506 1430 «Anno
527 1377 674 1443 praedicto,
689 1377 715 1429 id
735 1384 774 1429 est
793 1375 871 1441 tait,
890 1376 994 1429 decimo
1018 1390 1056 1430 se·

87 1469 176 1531 ptimo
194 1466 328 1519 Kalendas
348 1465 500 1520 Decembris
520 1466 573 1534 [ta.
594 1465 682 1536 Nov.],
702 1466 765 1521 obiit
784 1467 947 1520 reverendus
960 1471 985 1518 et
997 1468 1057 1520 rell-

90 1557 259 1620 giosissimus
278 1555 318 1608 Fr.
332 1556 423 1621 David,
443 1559 469 1608 ln
488 1557 604 1622 Augusta
624 1557 751 1622 sepultus,
770 1557 910 1610 sociusFr.
924 1554 1055 1610 Bertboldi

89 1645 124 1696 de
143 1644 296 1710 Ratisbona,
317 1647 363 1712 qui
381 1648 486 1711 scripsit
504 1643 623 1702 libellam
641 1645 673 1700 de
697 1643 842 1700 celerioris
866 1646 891 1699 et
917 1643 1055 1698 interioris

86 1730 210 1786 bominis
229 1731 418 1801 compositione
435 1731 583 1788 secondom
603 1732 735 1802 triplicem
753 1735 864 1800 atatam,
880 1731 1001 1788 cimbam
1012 1731 1056 1786 in-

87 1819 257 1891 cipientium,
277 1819 476 1892 proficientium
495 1825 521 1876 ei
536 1821 727 1891 perfectorum,
748 1831 773 1876 ct
792 1822 901 1876 brevem
914 1823 1055 1888 expositio·

87 1924 152 1963 nem
173 1924 255 1975 super
273 1911 402 1976 Regulam
422 1911 540 1963 Fratrum
560 1911 698 1977 blinorum,
725 1920 754 1965 ut
778 1911 872 1965 clarius
897 1911 1010 1965 babetur
1027 1912 1054 1962 in

88 2001 148 2052 eius
168 1999 300 2065 Legenda,
315 2013 395 2066 quam
415 2002 441 2052 in
461 2001 553 2052 maiori
566 1998 693 2053 Chronica
707 2003 791 2065 posui.
805 2000 872 2054 llora
885 2001 1054 2055 obdormitio

87 2089 130 2140 nis
143 2087 203 2139 eius
216 2093 265 2140 etc.
274 2105 301 2152 »;
317 2094 401 2150 cetera
415 2095 443 2142 ut
456 2091 482 2140 in
495 2089 647 2142 auctoritate
666 2088 847 2153 praecedente.
867 2117 902 2130 -·-
921 2089 1053 2143 Praedicta

88 2175 283 2229 confirmantur
301 2175 398 2242 verbis,
418 2191 486 2245 quae
504 2176 626 2243 Friburgl
645 2179 671 2254 in
690 2177 805 2230 Helvetia
825 2181 851 2230 in
870 2178 960 2232 codice
985 2180 1052 2244 sign.
1078 2177 1081 2186 '

88 2280 115 2317 n.
136 2265 183 2318 23.
201 2263 376 2318 bibliothecae
394 2265 514 2319 Fratrum
534 2267 593 2319 llin.
611 2264 839 2333 conventualium,
857 2267 955 2332 scripto
975 2266 1054 2334 tiis,

90 2355 135 2406 iol.
157 2354 191 2405 60
212 2353 349 2419 leguntur:
371 2357 425 2408 cln
447 2360 563 2422 Augusta
585 2355 625 2408 Fr.
643 2354 736 2408 David.
755 2357 830 2409 lstius
842 2355 930 2409 obitus
943 2355 982 2408 Fr.
995 2358 1055 2410 Ber·

89 2442 185 2496 tboldo
206 2445 231 2495 in
251 2442 391 2496 Ratisbona
411 2445 555 2510 predicanti
574 2446 705 2499 revelatus
727 2451 775 2511 est,
800 2446 864 2498 dum
889 2450 975 2498 tamen
1000 2445 1055 2499 obi·

13 2557 14 2562 1
87 2540 129 2586 ret
149 2534 175 2584 in
197 2532 325 2598 Augusta,
344 2547 396 2600 que
414 2547 463 2600 per
481 2539 533 2586 tres
552 2533 635 2588 dietas
654 2549 667 2587 a
687 2535 827 2588 ltatisbona
848 2534 934 2588 distat.
951 2535 980 2588 Et
992 2541 1054 2588 tunc

13 2671 14 2674 ,
88 2625 148 2688 ipse
167 2621 210 2674 Fr.
227 2621 382 2675 Bertboldus
394 2623 487 2676 eadem
501 2625 565 2677 bora
579 2625 671 2677 mortis
683 2626 741 2676 eius
752 2623 979 2676 recommendavit
991 2637 1053 2678 eum

13 2711 15 2718 '
87 2710 193 2776 populo
206 2729 232 2760 ι.
251 2736 286 2749 -
305 2711 475 2764 Doctlsslmus
494 2711 645 2765 ludovicus
663 2713 799 2774 Frutenus,
817 2711 864 2779 qul
882 2712 970 2766 lloruit
994 2719 1054 2777 post

89 2812 191 2852 annum
213 2797 402 2864 libitinam
423 2797 542 2869 Trilopr'o
560 2799 669 2854 animae
686 2801 772 2867 (parte
795 2803 823 2852 ll.
850 2813 909 2866 cap.
933 2799 997 2867 ab),
1016 2813 1054 2852 re·

14 2875 15 2924 ἶ
88 2889 177 2941 ierens
203 2887 337 2954 quandam
356 2890 518 2956 sententiam,
543 2888 630 2942 addit:
651 2908 665 2937 α
678 2889 710 2944 Ut
728 2889 822 2943 dicitur
841 2892 867 2942 ln
886 2886 1054 2958 Profeclibtts

88 2973 289 3046 deliciosorum
308 2991 322 3028 a
342 2977 383 3029 Fr.
408 2977 493 3031 David
512 2976 617 3031 Ordinis
642 2979 770 3032 llinorum
782 2997 809 3031 a.
828 2977 959 3033 -Liber
977 2977 1055 3032 anni·

87 3063 232 3119 serrarius
250 3063 401 3118 Conventus
419 3067 563 3132 Augustani
583 3066 616 3118 ad
636 3065 705 3119 diem
726 3067 767 3119 l9.
781 3067 846 3120 Nov.
862 3067 929 3120 tata
949 3066 1054 3120 exbibet

87 3153 212 3207 eiusdem
232 3156 387 3208 memoriam
408 3156 449 3208 bis
467 3155 572 3210 verbis:
594 3154 713 3210 «Obitus
732 3156 773 3209 Fr.
792 3156 908 3222 Davidis,
929 3156 993 3210 socii
1010 3157 1053 3240 Fr.

86 3242 233 3310 Bertboldl,
265 3246 352 3310 magni
381 3244 574 3312 praedicatoris,
593 3258 616 3298 a.
638 3243 664 3296 d.
683 3243 752 3297 tria
777 3245 841 3298 lllll.
860 3245 917 3298 Kal.
946 3246 1054 3298 Decem·
1144 3279 1147 3286 ·

86 3332 153 3398 bris,
172 3332 269 3396 sepulti
290 3339 348 3385 ante
367 3333 447 3386 altare
465 3331 590 3398 Corporis
609 3332 703 3388 Christi
731 3335 757 3386 in
786 3336 873 3388 nostra
901 3335 1053 3388 Ecclesia».

85 3422 145 3475 Alia
163 3435 230 3474 vero
250 3434 343 3474 manus
362 3423 491 3486 posterior
509 3422 597 3475 addit:
619 3423 696 3489 «Qui
709 3424 769 3476 iecit
779 3421 931 3490 formatium
942 3421 1052 3478 novitio-

84 3525 154 3566 rum
172 3508 206 3565 dc
223 3508 352 3565 interiore
369 3512 396 3564 et
412 3509 546 3566 celeriore
574 3510 690 3578 bomine,
711 3520 737 3566 et
755 3512 872 3566 libellum
897 3511 928 3566 de
947 3511 1052 3580 Septem

84 3597 253 3672 profectibus
271 3597 486 3670 deliciosorum,-
506 3602 609 3667 scripsit
627 3604 741 3667 optimas
760 3603 883 3668 epistolas
901 3603 1006 3654 novitiis
1026 3604 1054 3656 in
