2792 4318
261 194 303 258 7ll
603 211 691 258 bruun
715 211 886 259 senuimus,

258 334 363 394 nores,
388 316 525 396 divitiae,
561 315 751 401 voluptates,
783 317 994 396 curiositates
1022 315 1232 382 adulationes

259 431 291 489 el
313 421 510 500 huiusmodi,
535 422 602 488 sive
634 422 752 506 quihus
784 441 841 488 nos
865 428 994 500 terreat,
1017 428 1053 488 ut
1077 438 1231 507 perseeu-

259 529 370 606 tiones,
393 527 612 606 contumelias,
637 528 765 612 rapinas
781 536 812 594 et
829 527 954 594 similia.
972 527 1112 613 Utroque
1131 526 1230 593 modo

259 635 377 701 multos
401 633 536 699 retrahit
560 653 578 700 a
602 634 677 714 Deo,
694 652 774 720 qrros
795 643 850 700 aut
868 652 949 700 vano
964 650 1074 700 amore
1091 633 1154 713 sui,
1170 639 1230 699 aul

259 741 343 806 malo
367 741 481 806 timore
505 741 619 806 relinet
643 741 674 805 in
700 748 838 826 peccalo.

348 847 379 912 l.
405 845 566 912 Diabolus
583 864 668 925 veru,
686 847 758 914 licet
776 848 806 913 in
823 847 973 914 omnihus
998 847 1230 914 tentationibus

259 954 402 1020 incentor
414 952 512 1020 soleat
529 970 609 1033 esse,
626 962 731 1020 tamen
749 954 927 1039 specialiter
940 954 1066 1022 duabus
1083 955 1231 1022 tentatie

257 1059 352 1127 nibus
377 1060 503 1126 inlestat
527 1078 584 1126 nos
608 1066 639 1126 et
662 1061 804 1128 maxime
822 1061 922 1146 magis
940 1061 1089 1146 probatos
1107 1060 1138 1126 in
1156 1079 1228 1128 ser·

257 1166 333 1232 vitio
356 1166 429 1232 Dei:
456 1185 528 1232 cum
554 1172 609 1233 ant
633 1167 728 1234 iidem
764 1185 870 1235 veram
896 1174 1030 1234 conatur
1053 1167 1146 1233 nobis
1168 1185 1229 1234 au·

256 1272 342 1338 ferre
365 1278 397 1338 el
420 1273 534 1358 spiritu
571 1272 789 1358 blasphemiae
820 1273 1019 1351 subvertere,
1051 1279 1083 1338 et
1111 1272 1228 1340 huius-

257 1379 342 1446 modi
368 1379 612 1464 cogitationibus
636 1397 693 1445 nos
717 1379 853 1459 infestat,
877 1398 958 1466 quas
980 1379 1072 1465 qnasi
1097 1385 1230 1446 natura·

259 1485 331 1552 liter
352 1486 576 1566 abhorremus,
593 1495 628 1553 ul
645 1488 866 1573 desperatione
883 1487 934 1554 vel
950 1488 1048 1554 nostri
1065 1487 1228 1556 occisione

258 1599 290 1658 el
314 1593 482 1673 similibus
507 1593 580 1660 licet
602 1594 795 1680 qllandoque
819 1601 850 1660 et
873 1611 915 1661 ex
938 1593 1011 1660 aliis
1033 1595 1139 1662 causis
1163 1593 1229 1660 isla

257 1701 463 1784 proveniant3
486 1708 542 1766 aut
566 1719 640 1767 cum
666 1701 749 1767 mala
773 1701 835 1767 sub
866 1699 971 1787 specie
995 1700 1068 1767 honi
1094 1717 1228 1785 persua·

259 1805 322 1882 det,
346 1823 410 1889 quo
434 1805 640 1889 improvidos,
656 1824 738 1892 quos
754 1805 847 1873 aliter
864 1806 1012 1892 decipere
1029 1824 1092 1872 non
1110 1815 1228 1892 potest,

257 1910 371 1978 callide
395 1911 579 1995 supplantet
602 1919 633 1977 et
648 1929 667 1978 a
684 1911 766 1978 bono
790 1911 926 1978 deliciet.
945 1911 980 1977 El
996 1911 1056 1978 hoc
1071 1919 1120 1979 est
1136 1911 1229 1998 quod

257 2019 288 2084 in
322 2017 468 2084 Psalmol
493 2017 611 2085 dicitur
645 2019 860 2086 doemonium
894 2019 1137 2098 meridianum,
1168 2019 1227 2087 vel

257 2125 349 2192 iuxta
381 2125 563 2209 Apostolum
599 2125 739 2211 ortpeluc
769 2134 923 2205 satanae,
952 2127 1007 2212 qui
1040 2124 1228 2212 transfipu-

257 2239 361 2298 rotor
386 2231 420 2296 ln
445 2232 602 2318 oppetam
626 2232 722 2312 lucia,
740 2234 825 2321 quia,
846 2249 920 2301 cum
943 2234 984 2301 sil
1007 2233 1156 2320 princeps
1180 2241 1228 2301 te

258 2339 433 2407 nehrarum
459 2348 490 2407 el
512 2348 625 2409 auctor
646 2340 817 2422 malorum,
849 2349 885 2408 ut
908 2348 1014 2409 astute
1038 2349 1159 2420 noceat,
1183 2342 1229 2408 si·

260 2445 371 2527 mulat,
396 2465 429 2514 se
447 2446 528 2513 hona
553 2448 668 2515 docere
692 2453 723 2514 et
746 2447 836 2533 quasi
854 2448 959 2516 lucem
981 2448 1160 2529 ostendere,
1183 2457 1226 2516 ut

257 2552 297 2620 ad
325 2553 472 2620 tenebras
496 2553 616 2640 peccati
642 2553 805 2639 perducat.

349 2662 378 2726 5.
404 2660 491 2726 Deus
514 2667 620 2727 antem
654 2678 819 2747 nunquam
849 2666 948 2727 tentat
971 2660 1004 2727 in
1028 2659 1122 2739 malo,
1145 2659 1228 2744 quia

258 2784 325 2831 non
349 2764 496 2832 luctator
519 2767 555 2832 ln
574 2766 783 2852 perditione'
807 2773 926 2846 nostra,
949 2766 1010 2854 poi
1032 2784 1144 2832 omnes
1167 2761 1227 2832 ho-

258 2872 364 2939 mines
386 2872 458 2940 uult
479 2872 591 2939 salvos
613 2873 710 2958 fimi,-
734 2875 790 2942 sed
823 2882 928 2940 lamen
960 2874 1154 2959 quandoque
1177 2871 1229 2938 di·

257 2979 340 3047 citur
365 2986 487 3046 tentare
510 2979 644 3066 aliquos,
668 2999 742 3047 cum
767 2987 822 3046 aut
845 2979 985 3065 flagellat
1005 2997 1061 3047 eos
1083 2978 1114 3046 in
1131 2995 1227 3065 prae·

257 3086 337 3152 senti
361 3086 402 3152 ad
426 3085 605 3173 profectum
629 3104 740 3154 eorum
773 3095 804 3154 et
835 3086 983 3166 aliorum,
1007 3087 1090 3154 sicut
1114 3084 1167 3151 lob
1190 3093 1228 3154 et

257 3189 409 3270 Tobiam;
432 3199 488 3260 aut
511 3209 583 3259 cum
609 3191 723 3276 prohat
746 3209 800 3260 eos
832 3191 995 3277 aliquibus
1025 3190 1138 3258 arduis
1162 3189 1228 3257 vir·

258 3303 364 3363 tulum
383 3299 556 3379 exercitiis,
572 3299 655 3365 sicul
670 3298 803 3366 lentavit
819 3297 988 3378 Abraham,
1004 3297 1130 3378 iubens,
1145 3314 1226 3366 eum

330 3437 339 3468 ¹
359 3440 399 3492 Ps.
419 3441 462 3507 90,
482 3441 508 3493 6.
526 3446 552 3494 et
571 3440 666 3494 deinde
686 3441 714 3494 ll.
733 3439 792 3495 Cor.
813 3441 855 3507 lb,
873 3439 900 3494 7.
921 3445 947 3494 et
966 3439 1010 3504 ll,
1030 3437 1074 3493 ll.

328 3527 340 3563 ²
359 3529 507 3596 Resplcltur
526 3531 588 3597 Sap.
610 3531 636 3598 l,
657 3532 698 3584 ts.
717 3537 742 3584 el
761 3533 778 3584 l.
799 3531 869 3584 Tlm.
888 3531 913 3598 2,
933 3529 959 3584 l.
