2808 4318
271 235 335 302 206
603 290 607 297 .
630 188 725 297 urano
742 247 881 298 ruamus.

270 357 413 424 maxime
435 373 455 422 a
478 352 721 439 cogitationibus
746 353 836 420 ranis
851 360 883 420 et
897 351 1119 420 allectionibus
1140 349 1243 418 ritio-

271 461 314 530 sis
338 469 370 530 et
392 459 576 528 carnalibus
607 459 889 545 concupiscentia
913 475 996 546 quaa
1030 475 1089 526 nec
1111 457 1153 526 ad
1178 459 1244 524 lto-

270 585 340 636 ram
365 566 521 634 debemus
544 566 577 634 in
601 566 698 634 corde
720 566 908 653 permittere
930 563 1061 645 morari,
1084 582 1124 632 ne
1139 564 1243 632 oden

271 675 388 743 damus
411 673 512 741 Deum
537 680 569 740 et
592 679 718 740 sanctos
740 672 875 759 Angelos
897 672 1064 739 nobiscum
1088 689 1244 758 praesen·

271 789 319 850 tes
341 788 373 849 et
396 780 621 848 conscientiam
645 779 849 848 sordidemus
879 786 912 848 et
946 797 1079 865 menam
1116 795 1244 847 merea·

272 906 346 956 mur
380 895 412 956 ot
446 887 539 967 bona,
574 904 657 974 quae
690 897 859 972 possemus
875 949 876 952 ,
893 885 1031 972 cogitare
1066 892 1098 954 et
1128 901 1242 972 agere,

271 995 398 1063 interim
422 993 633 1080 negligamus.
657 993 706 1061 Sic
730 993 900 1072 Abraham,
923 994 1066 1079 quinque
1097 992 1163 1060 [teo
1191 993 1243 1060 iu·

271 1103 359 1170 beuti
383 1101 540 1170 sacrificia
562 1101 709 1182 offerens,
741 1100 967 1168 descendentes
989 1118 1092 1186 seper
1114 1119 1156 1167 eu
1178 1118 1239 1168 vo-
1276 1157 1282 1164 .

271 1208 382 1277 lueres
404 1208 445 1276 ad
468 1203 676 1276 lacerandum
709 1206 758 1275 vel
790 1207 984 1275 foedandum
1012 1206 1147 1275 sollicite
1168 1205 1243 1274 udi·

268 1315 367 1404 gebat
380 1315 403 1380 ¹.
428 1315 463 1382 Et
487 1332 555 1396 nos,
579 1331 618 1382 ne
642 1313 814 1401 aliqnando
831 1314 861 1380 iu
878 1313 934 1382 Dei
951 1320 1123 1400 conspectu
1142 1331 1243 1400 appa·

272 1440 402 1492 reamur
426 1423 528 1502 uacui,
553 1421 695 1508 quinque
710 1420 867 1489 sacrificia
882 1421 910 1489 ei
927 1420 1114 1488 offerentes:
1134 1420 1242 1489 bonae

274 1528 458 1607 volontatis,
481 1527 583 1596 bonae
614 1527 756 1608 actionis,
788 1528 889 1595 bonae
924 1526 1102 1607 locutionis,
1126 1543 1242 1595 sacrae

274 1635 486 1704 meditationis
516 1642 549 1703 et
580 1635 650 1722 piae
677 1634 861 1716 allectionis,
893 1633 1040 1702 volucres
1074 1634 1240 1702 maiarum

272 1742 498 1828 cogitationum
522 1749 554 1810 et
576 1741 779 1810 affectionum
800 1742 907 1810 statim
924 1742 1052 1826 abigere
1069 1741 1241 1823 debemus,

273 1866 313 1917 no
329 1866 376 1928 ea,
394 1848 484 1916 nobis
500 1848 788 1928 dissimulantibus
808 1847 1011 1936 aliquatenus
1026 1847 1190 1916 maculent
1205 1856 1242 1916 et

226 2043 231 2048 .
274 1954 340 2022 Deo
363 1955 487 2040 ingrata
511 1954 649 2024 efficiant
672 1963 704 2023 et
727 1954 818 2023 nobis
835 1953 1009 2023 inefficacia
1024 1955 1066 2022 ad
1083 1953 1241 2023 meritum

273 2069 305 2129 et
333 2060 534 2146 spiritualem
570 2061 761 2147 protectum.
796 2059 859 2128 Nec
894 2060 1000 2129 solum
1035 2059 1183 2128 carnales
1204 2067 1241 2128 et

273 2175 385 2254 torpes
420 2168 626 2254 cogitationes
662 2168 768 2236 statim
808 2168 965 2236 debemus
1003 2167 1144 2254 abigere,
1179 2167 1242 2250 sed

272 2275 368 2343 etiam
392 2293 492 2343 ranas
514 2283 547 2342 et
569 2292 696 2342 amaras
719 2282 751 2342 et
774 2274 902 2360 gulosos
918 2282 950 2341 et
972 2273 1126 2342 similium
1151 2273 1242 2340 uitio

276 2399 349 2449 rom
374 2382 547 2450 simulacra
571 2381 602 2448 in
627 2381 733 2450 cordis
757 2381 856 2450 nostrl
890 2381 1010 2466 templo
1033 2379 1242 2466 imaginando

274 2506 336 2555 nou
361 2488 540 2574 pingamus.
565 2488 703 2555 Theatra
726 2494 757 2556 et
784 2487 936 2554 tabernae
969 2486 1072 2554 solent
1095 2486 1243 2554 saecula·

241 2624 244 2630 ·
274 2592 366 2662 ribos
389 2601 421 2662 et
445 2593 578 2661 ludicris
601 2592 718 2661 tabulis
742 2592 881 2679 depingi,
917 2591 1035 2678 templa
1058 2600 1166 2660 autem
1190 2608 1242 2659 sa·

275 2698 339 2767 cris
361 2699 504 2767 historiis
527 2705 558 2766 et
584 2698 724 2785 mysticis
747 2698 883 2786 picturis
906 2698 1062 2767 decorari.
1088 2698 1135 2766 Ex
1158 2716 1241 2785 qua-

275 2804 362 2874 litate
375 2806 519 2892 picturae
534 2806 755 2874 consideratur
771 2805 909 2892 qualitas
925 2805 1041 2874 domus
1052 2811 1085 2873 et
1098 2803 1241 2874 familiae

276 2911 307 2980 in
331 2930 368 2979 ea
392 2911 555 2980 morantis.
580 2912 757 3000 Aliquando
779 2911 939 2999 superbio
956 2911 1058 3000 pingit
1073 2898 1133 2980 sibi
1149 2928 1242 3000 prae·

275 3018 397 3087 laturas
420 3026 452 3086 et
475 3018 617 3086 dominia
639 3025 672 3086 et
694 3018 890 3086 lamnlornm
913 3018 1070 3105 obsequia
1090 3025 1122 3086 et
1144 3034 1243 3104 quae·

275 3141 413 3212 cumque
436 3124 508 3191 alia·
522 3142 685 3212 pomposa.
715 3125 811 3216 Kane
823 3124 938 3212 glorio
952 3124 1055 3211 pingit
1070 3124 1131 3193 sibi
1146 3141 1244 3212 quos·

276 3231 353 3300 libet
375 3240 509 3301 ornatus
530 3241 563 3301 et
586 3232 673 3301 undo
697 3239 802 3319 posset
825 3231 897 3300 laus
913 3231 1080 3300 hominum
1103 3229 1243 3318 acquiri,

275 3337 448 3424 aliquando
471 3338 566 3408 etiam
591 3338 773 3407 sanctitates
788 3345 820 3406 et
836 3337 992 3406 miracola
1006 3344 1039 3406 et
1054 3336 1243 3424 prophetias

275 3451 307 3514 et
332 3463 462 3532 magnas
486 3445 670 3514 devotiones
704 3453 735 3514 et
769 3445 1004 3514 aedificatorias
1033 3443 1245 3532 praedicatio

347 3567 357 3602 ¹
377 3569 430 3625 Cir.
447 3571 513 3626 Gen.
533 3571 574 3638 tt,
595 3571 621 3624 9.
641 3583 717 3639 seqq.
