2792 4318
648 2 661 50 .-
673 5 675 8 ,
687 1 740 37 ’,ᾖ

655 214 744 262 LIBER
768 215 891 264 PRIMUS.

637 423 828 492 Carnutum
845 425 918 492 llll.

293 637 495 724 Frequenter
516 636 653 722 proprii
674 645 785 705 slutns
808 637 953 704 conditio
968 647 1016 706 eat
1031 639 1252 706 tamennon.

383 852 412 915 l.
436 849 625 934 Saepissime
649 849 772 917 discute
795 850 949 934 teipsum
966 855 998 918 et
1012 852 1180 920 considera
1195 859 1254 918 sta·

292 963 359 1022 tum
386 956 499 1022 mentis
522 963 554 1022 et
577 955 738 1040 corporis;
762 955 839 1043 quid
864 956 956 1036 desit,
988 957 1014 1023 si
1050 957 1180 1025 delicias
1204 958 1254 1025 vel

291 1061 451 1150 proficias,
475 1063 550 1148 quid
576 1062 729 1148 impediat
752 1063 941 1149 proiectum,
965 1072 996 1131 et
1023 1065 1184 1151 quomodo
1209 1063 1254 1130 illi

291 1168 439 1235 obvietur
454 1176 509 1235 aut
526 1169 723 1249 declinando,
740 1177 795 1236 aut
820 1170 1008 1250 resistendo,
1024 1176 1082 1237 aut
1104 1170 1255 1256 regendo,

291 1280 348 1342 aut
370 1272 544 1341 tolerando.
570 1275 698 1342 Peccata
722 1275 912 1343 declinanda
934 1281 1010 1343 sunt
1032 1284 1064 1343 et
1086 1276 1255 1362 iugienda;

293 1379 378 1446 vitiis
401 1380 663 1466 impugnantibus
687 1389 734 1448 est
769 1383 1002 1462 resistendum3
1037 1381 1179 1450 officinm
1206 1383 1255 1450 vel

292 1485 355 1552 alia
377 1486 459 1552 actio
482 1485 720 1554 occasionaliter
744 1487 921 1572 impediens
944 1488 1085 1574 regenda
1106 1494 1139 1555 et
1173 1488 1257 1555 ordi-

292 1590 398 1657 nanda
421 1598 468 1658 est
485 1582 621 1659 discrete
641 1591 680 1658 ad
698 1591 859 1677 proiectus
876 1593 1061 1673 materiam;
1078 1593 1258 1660 adversitas

292 1703 341 1764 est
364 1696 529 1765 toleranda
552 1704 583 1764 et
607 1715 664 1783 per
688 1716 784 1766 usum
809 1698 965 1766 tolerandi
989 1699 1025 1765 lit
1055 1699 1158 1785 magis
1182 1699 1258 1767 tolc·

293 1802 422 1882 rabilis;
445 1810 477 1870 et
500 1804 572 1870 idco
594 1811 659 1872 tam
676 1804 785 1872 odiosa
805 1814 853 1872 est
869 1804 961 1872 nobis
976 1804 1165 1885 adversitas,
1181 1805 1259 1892 quia

292 1907 444 1976 nolumus
466 1927 661 1978 assuescere.
685 1909 716 1974 Si
740 1910 856 1996 aliquis
880 1910 1075 1979 domesticus
1106 1917 1182 1978 tuus
1206 1910 1259 1978 vel

295 2014 418 2082 vicinus
441 2015 497 2082 tibi
522 2015 618 2084 luerit
642 2017 673 2082 in
690 2016 794 2083 corde
817 2033 982 2097 onerosus
1005 2015 1050 2082 illi
1075 2016 1170 2084 stude
1193 2034 1260 2084 ma·

293 2121 341 2208 gis
364 2122 574 2208 obsequiosus
597 2140 667 2190 esse
690 2129 722 2190 et
745 2122 890 2203 affabilis,
921 2129 954 2190 et
976 2123 1038 2190 cito
1061 2123 1179 2190 senties
1212 2140 1260 2191 re·

292 2229 434 2296 medium
460 2229 548 2297 illius
571 2229 685 2296 morbi.

383 2338 413 2402 Ξ).
437 2334 504 2402 Non
530 2335 668 2403 multum
703 2335 831 2404 allectas
861 2334 961 2421 diligi,
985 2337 1061 2422 quia
1092 2337 1259 2404 distractio

293 2441 399 2508 cordis
423 2451 481 2523 est,
504 2449 537 2510 et
560 2461 578 2510 a
602 2461 665 2530 qno
689 2443 818 2528 quaeris
841 2442 941 2528 diligi,
959 2442 1003 2508 illi
1021 2443 1115 2510 etiam
1132 2443 1260 2529 appetis

293 2547 431 2634 placere,
451 2557 486 2616 et
510 2549 553 2615 ibi
577 2549 731 2617 admiscet
755 2567 788 2616 sc
812 2548 955 2616 adulatio
978 2557 1009 2618 et
1031 2567 1126 2635 saepe
1161 2550 1260 2617 simu·

294 2653 381 2734 latio,
403 2672 444 2722 no
459 2654 541 2723 forte
556 2654 726 2741 displicere
743 2654 875 2740 incipias
891 2662 922 2722 et
938 2654 1046 2722 minus
1061 2653 1162 2742 diligi.
1179 2655 1259 2722 Tur·

293 2760 381 2828 baris
405 2761 511 2842 etiam,
527 2761 656 2848 quando
672 2761 856 2847 suspicaris,
872 2769 904 2828 te
920 2761 1027 2829 minus
1043 2760 1142 2846 diligi,
1158 2778 1259 2848 quam

294 2867 536 2936 desideraveras
559 2868 611 2936 vel
635 2885 833 2954 speraveras.
867 2869 961 2935 Pauci
984 2868 1079 2936 etiam
1115 2875 1192 2935 sunt
1224 2867 1260 2934 in

293 2989 390 3041 sensu
413 2981 445 3041 et
467 2972 687 3041 allectionibus
710 2980 742 3041 et
766 2974 911 3042 muribus
934 2975 977 3041 lta
1000 2973 1190 3053 conformes,
1221 2979 1260 3039 ut

293 3097 355 3146 non
380 3079 421 3147 sit
437 3078 642 3148 dissensionis
655 3078 788 3154 materia
803 3078 975 3164 aliquando
992 3079 1074 3146 inter
1094 3096 1158 3157 eos,
1174 3095 1259 3164 quae

293 3193 342 3254 est
365 3186 543 3255 dilectionis
565 3186 778 3254 adversatrix.
804 3187 891 3267 item,
915 3204 934 3253 a
957 3186 1083 3254 leminis
1108 3185 1190 3253 velle
1213 3185 1261 3252 di·

294 3292 348 3378 ligi
371 3293 478 3374 etiam,
503 3300 630 3379 praeter
653 3292 834 3360 tentationis
858 3293 1009 3380 laqueum
1026 3301 1059 3361 et
1080 3292 1260 3378 occupatio

294 3398 344 3466 nis
378 3401 544 3468 materiam
579 3408 611 3469 et
646 3400 835 3468 turbationis
870 3399 1052 3469 occasiones
1078 3399 1258 3480 continuas,

294 3512 369 3574 nota
392 3507 585 3592 suspiciosae
607 3507 837 3576 observationis
860 3525 923 3575 oon
943 3507 1073 3576 carebit.
1089 3506 1261 3575 Committe
