2742 4320
306 221 371 290 326
660 241 748 290 uuna
771 241 911 291 neurius

304 348 468 428 sustinear,
492 348 547 416 sed
574 366 634 416 non
659 349 852 435 respondeat
873 351 914 431 ei,
937 348 1010 418 aliis
1034 348 1182 415 intentus
1205 346 1262 414 lloc

304 454 433 522 ridetur
455 455 611 542 Propheta
635 456 782 534 sensisse,
805 456 860 542 qui
884 456 930 523 ait
946 456 976 521 ¹:
1002 454 1149 532 Exaudi,
1167 453 1260 531 Deus,
1343 536 1344 539 Ἴ

305 562 491 629 orationem
514 580 639 642 meam,
662 573 693 628 ct
718 581 760 629 ne
793 562 983 649 despexeris
1006 560 1258 648 deprecationem

307 687 429 748 meam,
442 669 572 737 inuade
587 667 673 736 milri
687 677 717 736 et
730 669 860 736 exaudi
873 689 945 748 rne,·
956 677 988 738 et
1004 669 1139 736 iterum:
1163 665 1255 734 Verba

307 793 381 843 mea
404 775 550 843 acribus
570 775 716 862 percipe,
742 775 890 856 Domine,
915 775 1058 863 intellipc
1088 773 1254 842 innuen

304 901 424 950 meam.
448 921 493 932 -
516 882 693 969 Aliquando
717 883 846 951 ridetur
869 883 960 970 qnasi
996 883 1133 967 benigne
1162 879 1251 948 anuli

305 990 480 1068 intendere,
504 988 560 1056 sed
586 989 719 1056 neeudo
741 1007 803 1055 non
827 1006 981 1067 annuere,
1005 989 1032 1056 si
1057 1005 1164 1074 preces
1191 985 1251 1053 illas

305 1095 458 1179 suscipiat
480 1112 553 1163 enm
578 1094 711 1175 edentu3
735 1095 789 1162 lob
812 1113 896 1163 nnno
910 1095 938 1161 ²:
961 1094 1046 1163 Cum
1063 1095 1251 1162 inuounen

308 1200 500 1268 exaudierit
521 1219 584 1280 me,
608 1219 674 1266 non
699 1201 811 1279 creda
834 1201 924 1288 qaod
945 1199 1136 1267 exaudierit
1156 1213 1248 1264 nocent

305 1327 426 1386 meam,
451 1307 483 1375 id
506 1314 564 1387 est,
588 1308 707 1387 neseio,
723 1307 750 1375 si
769 1306 962 1375 exaudierit.
979 1344 1023 1356 -
1036 1304 1203 1393 Aliquando
1215 1301 1251 1368 ri

305 1415 401 1482 detur
423 1420 455 1481 el
473 1413 607 1499 benigne
622 1423 766 1480 orantern
784 1413 945 1500 respicere
961 1422 993 1482 et
1008 1412 1177 1482 elementer
1191 1426 1248 1476 ora·

305 1519 445 1588 tionibus
467 1520 538 1587 eius
560 1534 726 1587 assensum
753 1520 907 1605 praebere
931 1528 963 1587 et
978 1518 1189 1586 favorabiliter
1208 1533 1250 1582 an·

304 1643 404 1694 nuere
428 1626 587 1693 desiderio
609 1625 825 1708 obsecrantis3
840 1635 872 1693 el
896 1625 974 1692 haee
998 1625 1132 1692 denatae
1154 1621 1250 1690 neuls
1347 1693 1348 1706 ,

305 1731 495 1801 confidentia
518 1731 599 1801 salet
623 1732 776 1800 iudicium
793 1732 1010 1800 exauditionis
1034 1749 1123 1810 esse;
1144 1730 1181 1798 de
1197 1745 1249 1814 aaa

305 1837 382 1905 dicit
405 1837 560 1906 Dominus
582 1839 676 1906 Marci
701 1838 872 1906 undecimo
887 1838 915 1904 ³:
944 1838 1004 1923 Qui
1031 1856 1099 1904 non
1129 1834 1250 1903 nunn-

304 1944 448 2011 venitin
471 1945 571 2012 corde
593 1965 668 2025 san,
690 1947 749 2015 sed
770 1945 963 2025 crediderit,
987 1944 1071 2034 qaia
1093 1943 1250 2033 qwdeane

305 2071 367 2140 pac
389 2051 525 2131 dicauit,
548 2051 622 2138 pat,
644 2052 701 2140 det
722 2054 761 2120 ei.
777 2053 912 2131 Omnia,
928 2069 1154 2141 qaaecumque
1168 2065 1251 2116 aran

305 2166 352 2226 tes
367 2159 492 2244 petitis,
509 2160 643 2239 credite,
655 2161 738 2248 qaia
753 2159 937 2247 accipietis,
952 2169 983 2226 et
997 2159 1143 2227 evenient
1156 2155 1251 2230 ulo:

305 2263 438 2334 lacobus
453 2267 483 2332 ⁴:
508 2267 658 2334 Pastnlet
680 2276 792 2335 antem
816 2266 853 2332 in
882 2265 948 2353 pide
968 2263 1057 2332 ninii
1079 2263 1254 2338 laentonrl

306 2373 367 2460 qui
387 2372 476 2440 enirn
499 2371 643 2442 haesitat
677 2393 745 2442 nun
767 2373 928 2452 aestimet,
951 2373 1042 2461 quod
1063 2371 1192 2462 aliquid
1210 2388 1256 2437 oc·

306 2479 420 2566 eipial.

395 2586 425 2653 3.
441 2587 504 2654 Nee
519 2594 625 2655 amen
643 2588 749 2656 statim
766 2585 978 2655 diffidendum
995 2586 1036 2654 de
1052 2585 1256 2660 exauditione,

305 2694 435 2780 quando
447 2713 508 2761 uon
525 2713 585 2780 pro
601 2703 675 2762 roto
690 2694 834 2764 succedit
848 2692 964 2774 aranti,
979 2694 1036 2761 sed
1049 2708 1258 2780 perseverare

307 2800 401 2869 debet
420 2801 589 2888 pulsando
608 2803 632 2883 ⁵,
667 2802 769 2871 donee
799 2802 923 2869 anricus
945 2801 1036 2888 quasi
1073 2801 1177 2870 rictus
1207 2799 1258 2866 in

306 2907 463 2993 probitate
486 2907 696 2995 supplicantis
719 2908 774 2976 det
807 2909 835 2976 ei
868 2908 954 2995 quod
984 2907 1134 2993 postulat
1165 2909 1257 2992 Quen

305 3014 411 3101 daque
435 3033 584 3101 namque,
607 3033 680 3084 eum
705 3015 815 3101 petitio
848 3022 956 3082 nostra
991 3013 1176 3082 anamodo
1206 3013 1259 3080 lor

305 3129 391 3188 mata
415 3122 655 3190 haesitationem
680 3123 764 3203 lacit,
787 3122 877 3209 quasi
903 3141 964 3189 nnn
989 3121 1105 3190 debed
1134 3119 1259 3198 admitti,

305 3229 331 3296 si
355 3229 448 3296 aliter
471 3229 638 3312 formetur,
654 3229 804 3298 fiduciam
821 3229 1038 3297 exauditionis
1058 3235 1206 3316 reportat
1221 3261 1258 3275 -

376 3386 386 3418 ¹
406 3388 446 3441 es.
466 3387 509 3454 iil,
530 3391 554 3442 i.
574 3402 629 3457 seq.
649 3396 675 3443 et
694 3390 719 3456 5,
739 3389 764 3442 2.
861 3389 967 3443 ²Vers.
987 3389 1031 3442 lli.

375 3475 387 3512 ³
405 3477 482 3531 Vere.
500 3477 544 3530 23.
562 3491 618 3546 seq.
859 3475 954 3544 ‘an
973 3477 985 3531 l
991 3517 998 3545 ,
1018 3477 1043 3530 6.
1062 3489 1119 3548 seq.

375 3562 467 3619 ⁵aue.
488 3566 530 3633 tt,
548 3566 574 3619 a.
