2792 4318
306 243 369 310 130
578 307 581 312 ,
642 261 731 307 uranx
755 257 927 309 sscuuous.

304 365 435 432 versarii
461 365 561 433 sciant
585 372 676 432 scuto
698 364 858 449 excipere,
893 382 933 432 ne
964 365 1135 450 improvidi
1160 368 1271 436 vulne

305 486 418 540 rentur
441 480 471 540 et
500 479 702 556 superentur.
734 469 824 550 Nam,
848 471 902 556 qui
926 477 1003 538 tunc
1027 472 1169 557 primum
1198 474 1270 540 vult

304 577 433 657 armari,
457 576 585 662 quando
610 576 671 641 iam
697 575 804 642 hostes
828 575 958 642 irruunt
980 595 1078 663 super
1101 595 1187 658 cum,
1209 596 1269 645 nec

303 685 442 770 spatium
467 683 596 750 dabitur
627 682 655 749 ei
687 682 728 748 ad
760 683 969 749 muniendum
1003 701 1048 763 se,
1079 702 1138 752 nec
1168 685 1269 751 etiam

304 809 381 877 prae
404 799 535 876 stupore
558 787 725 856 consilium
750 789 899 870 inveniet,
923 809 986 876 quo
1006 791 1131 858 evadat

395 899 424 963 ἓ.
449 897 631 964 Secundum
654 903 702 962 est
725 913 761 962 os
785 894 998 981 comprimere
1014 898 1148 964 tacendo
1170 906 1203 965 et
1217 917 1269 966 ao-

304 1021 430 1071 censam
454 1002 616 1068 flammam
641 1002 707 1069 irae
732 1003 761 1069 in
779 1003 875 1070 corde
892 1003 1057 1084 suffocare,
1074 1022 1125 1084 ne,
1148 1005 1175 1072 si
1191 1023 1270 1074 era·

304 1127 417 1196 porare
441 1111 654 1196 permittatur,
678 1110 833 1177 increscat
856 1117 887 1176 et
909 1109 988 1176 alios
1008 1111 1166 1192 incendat,
1183 1113 1269 1180 sicut

207 1272 209 1276 ,
306 1216 345 1284 de
369 1217 448 1300 igne·
463 1215 620 1283 materiali
645 1217 771 1300 saepius
795 1215 993 1300 experimur.
1017 1217 1061 1284 td
1086 1218 1147 1284 hoc
1178 1219 1266 1286 enim

304 1323 369 1389 duo
392 1322 471 1388 ostia
495 1322 580 1390 Deus
605 1321 731 1406 linguae
766 1321 864 1401 dedit,
895 1322 1005 1390 dentes
1036 1333 1067 1390 et
1100 1323 1194 1405 labia,
1225 1343 1268 1392 ne

304 1427 394 1496 facile
417 1427 561 1514 prosiliat
585 1428 625 1494 ad
643 1429 832 1508 nocendum,
855 1428 996 1496 maxime
1013 1447 1086 1497 cum
1111 1429 1199 1498 intus
1213 1450 1267 1499 ac-

304 1553 397 1629 censa
421 1536 516 1602 luerit
541 1536 611 1620 igne
635 1534 754 1601 luroris
777 1535 827 1601 rel
859 1534 973 1603 inlecta
997 1537 1103 1603 toxico
1135 1536 1266 1618 livoris;

305 1642 540 1709 Ecclesiasticus
558 1643 581 1707 ¹:
607 1641 723 1708 Facito
740 1641 827 1708 ostio
843 1641 898 1707 ori
917 1651 972 1708 tuo
996 1650 1073 1723 etc.;
1100 1644 1263 1714 Psalmus:

216 1783 226 1804 ·
304 1751 405 1829 Pone,
430 1749 578 1828 Domine,
604 1749 790 1815 custodium
815 1749 870 1815 ort‘
890 1769 961 1816 uteo
985 1758 1043 1818 etc.

393 1856 589 1924 aternum
615 1864 663 1922 est
686 1864 871 1922 convortere
908 1874 941 1922 se
964 1857 1004 1924 ad
1036 1857 1100 1924 alia
1130 1858 1267 1944 negotia,

304 1964 422 2050 quibus
445 1982 500 2030 cor
523 1972 707 2048 occupetur,
732 1962 891 2048 loquendo
921 1963 972 2030 uel
996 1964 1058 2030 alia
1089 1965 1268 2044 tractando,

307 2080 341 2137 ut
365 2073 410 2138 sic
433 2070 639 2137 obliviscatur
662 2069 882 2137 commotionis
906 2087 994 2151 suae,
1018 2071 1100 2138 sicut
1124 2071 1269 2158 quivult

307 2179 411 2264 ignem
440 2178 644 2263 exstinguere
661 2178 822 2245 subtrahit
838 2163 960 2262 stipites
983 2179 1144 2258 ardentes
1168 2187 1205 2245 ut
1220 2180 1268 2248 sic

305 2287 427 2354 divisus
443 2285 579 2365 deliciet,
595 2285 729 2352 materia
752 2304 810 2371 per
825 2295 932 2371 partes
948 2286 976 2353 ei
994 2285 1175 2366 subtracta3
1193 2286 1269 2353 Pro-

305 2394 487 2460 rerniorum
514 2393 667 2478 vigesimo
691 2393 821 2459 sexto²z
849 2393 933 2460 Cum
956 2391 1137 2479 defecerint
1160 2393 1268 2480 lipom,

305 2499 533 2584 exstinguetur·
558 2499 656 2584 igitir.
1122 2559 1128 2568 .

393 2607 423 2671 lt.
437 2605 593 2689 Quartum
611 2604 787 2672 remedium
802 2614 850 2672 est
861 2605 1075 2684 umccuudia,
1089 2624 1153 2693 qna
1169 2607 1269 2673 nomo

306 2712 468 2779 modestus
491 2712 652 2779 erubescit
675 2711 860 2796 disciplinae
876 2730 953 2779 suae
970 2713 1197 2780 detrimentum
1217 2713 1266 2780 in·

304 2838 435 2888 currere
459 2828 490 2886 et
517 2819 596 2885 alios
620 2818 845 2899 scandalizare,
877 2827 908 2886 et
938 2819 1004 2886 vim
1033 2819 1108 2887 lacit
1138 2819 1268 2888 sibimet

305 2927 507 3014 reprimendo
532 2927 623 3005 iram,
647 2925 697 2992 vel
721 2926 816 2992 etiam
833 2926 912 2993 alios
933 2932 1038 2994 motus
1058 2927 1268 3008 inordinatos,

305 3055 344 3104 ne
357 3035 529 3104 honestatis
546 3051 622 3102 suae
639 3033 806 3119 dispendia
822 3034 970 3119 patiatur.
987 3073 1031 3084 -
1047 3035 1096 3102 Sio
1111 3035 1209 3103 etiam
1227 3037 1268 3102 u·-

304 3161 379 3209 mor
403 3142 546 3227 reprimit
570 3141 662 3220 iram,
687 3141 769 3207 sicut
794 3140 940 3208 videmus
973 3142 1004 3207 in
1029 3142 1141 3222 servis,
1165 3143 1222 3228 qni
1247 3161 1268 3210 a

305 3249 441 3344 dominis
457 3249 523 3316 suis
539 3265 634 3333 saepe
650 3248 732 3315 dure
748 3248 943 3333 castigantur
960 3256 991 3316 et
1009 3266 1065 3316 nec
1080 3248 1202 3316 audent
1226 3249 1268 3316 le

307 3356 386 3423 viter
409 3364 538 3424 econtra
563 3355 691 3437 mutire,
708 3373 746 3422 ne
769 3355 850 3422 lorte
874 3356 982 3442 peiora
1005 3355 1051 3423 eis
1074 3354 1266 3424 interantur.

376 3495 385 3528 ¹
404 3497 465 3565 Cap.
488 3500 530 3565 28,
553 3501 595 3551 28.
616 3498 715 3552 Deinde
734 3499 852 3566 sequitur
871 3499 911 3551 Ps.
931 3497 992 3564 llo,
1012 3499 1038 3551 3.

376 3584 387 3616 ²
409 3588 482 3641 Vers.
502 3588 545 3641 20.
