2742 4320
298 221 363 290 336
659 239 747 287 trouu
770 238 908 287 ruamus.

302 373 319 406 α
331 347 445 414 Sancta
467 344 628 414 desideria
651 344 803 413 ditatione
825 353 974 412 creseunt
989 369 1021 425 »3
1038 345 1174 414 undeet
1191 361 1254 432 pre

297 471 350 521 oes
373 453 605 520 Chananaeae¹
629 452 862 520 dissimulando
889 452 1030 539 amplius
1060 453 1255 539 provocabat

297 599 341 612 -
370 563 440 641 Aut,
474 568 511 628 ut
541 567 630 627 tanto
661 559 798 627 sautius
832 559 1047 627 custodiatur
1076 568 1256 646 occeptum,

297 684 362 754 quo
378 650 540 734 diffioiiius
556 665 748 751 impetratur
758 691 767 747 ;
787 665 1034 752 chrysostomus
1045 666 1073 732 ²:
1096 666 1210 732 «Deus
1222 665 1258 730 ui

298 772 358 839 hoo
383 770 573 839 beneficium
598 789 693 838 suum
718 771 888 858 protrahit,
904 778 940 838 ut
956 789 1017 838 nou
1036 771 1077 839 sit
1092 769 1188 837 nobis
1203 768 1258 836 vite

297 879 383 965 quod
408 879 506 947 donat
522 904 553 944 ν.
579 915 621 926 -
646 879 716 956 Aut,
747 885 783 946 ut
815 875 1011 944 humilietur
1034 897 1155 956 orons,
1187 876 1259 946 dum

297 984 423 1052 tardius
445 984 631 1064 exauditur,
655 983 756 1051 etsie
791 984 857 1051 duo
884 983 967 1050 hona
990 985 1205 1070 proveniunt:
1227 988 1259 1047 ut

297 1090 439 1158 insolens
462 1090 658 1177 reprimatur
682 1089 788 1170 elatio,
811 1096 844 1156 et
874 1095 982 1156 tamen
1013 1089 1179 1176 petitionis
1204 1105 1259 1156 ooo

297 1203 441 1264 cassetur
465 1196 606 1264 eftectus.
623 1231 665 1245 ·-
683 1199 752 1276 Aut,
769 1204 805 1264 ut
823 1197 855 1263 in
871 1196 961 1264 atiud
976 1203 1106 1283 tempus
1128 1193 1259 1262 exaudi·

298 1303 343 1369 tio
366 1299 546 1390 differatur
572 1304 672 1388 magis
695 1319 874 1387 congruum
899 1310 930 1369 et
955 1303 1033 1370 otilo
1056 1303 1196 1389 petenti3
1218 1299 1258 1368 sio

296 1408 442 1494 Moyses³
466 1408 601 1494 gloriam
627 1408 681 1476 Dei
706 1408 765 1476 sibi
790 1409 915 1477 ostendi
939 1410 1061 1496 petiuit,
1084 1425 1186 1496 quam
1201 1423 1257 1473 noo

297 1523 384 1594 tono,
409 1516 464 1582 sod
490 1522 560 1600 post
585 1517 703 1583 meruit
727 1517 847 1584 videre.
862 1551 907 1564 --
925 1521 994 1594 tut,
1011 1524 1047 1584 ut
1070 1517 1169 1584 etiam
1186 1512 1258 1582 otio

297 1641 376 1691 rom
399 1620 578 1712 suffropiis
594 1632 738 1713 quaerat
750 1623 879 1703 iuvari,
895 1625 972 1710 quia
989 1624 1071 1693 forte
1086 1627 1192 1692 ardua
1213 1627 1255 1690 ost

296 1730 417 1816 petitio,
434 1731 485 1797 vei
498 1739 533 1798 ut
546 1730 743 1817 praesumtio
759 1731 974 1817 reprimatur;
991 1731 1075 1800 siout
1091 1725 1255 1800 Ezechias⁴
1349 1805 1350 1818 χ

298 1836 383 1904 misit
406 1837 446 1904 ad
472 1837 595 1917 isaiam,
619 1844 655 1904 ut
677 1845 785 1904 oraret
809 1855 867 1922 pro
891 1855 925 1905 so
948 1843 981 1904 et
1003 1856 1063 1924 pro
1079 1837 1254 1925 popuio;et

296 1943 414 2011 iosias⁵
430 1944 470 2011 ad
487 1943 618 2011 iioidam
643 1944 953 2030 proposuissemus
979 1945 1137 2012 Romanos
1150 1945 1178 2010 ⁶:
1199 1939 1252 2009 Oi

298 2067 404 2130 seoro,
428 2057 467 2116 ut
488 2049 655 2117 adiuvetis
679 2068 730 2116 ruo
760 2050 796 2116 io
820 2049 1033 2118 orationibus
1067 2049 1199 2127 uostris,
1220 2053 1253 2112 ot

297 2156 416 2224 liberor
447 2156 490 2224 ab
522 2154 722 2242 infidelibus,
745 2157 806 2245 qui
835 2163 916 2224 suot
944 2158 981 2224 iu
1009 2157 1163 2236 Iudaeo,
1185 2155 1251 2224 mt-

296 2264 424 2332 thaous:
451 2263 490 2330 Si
523 2264 590 2330 duo
624 2282 665 2330 ea
688 2263 780 2330 uobis
803 2264 1031 2332 consenseriut
1053 2271 1114 2332 eto.
1139 2301 1182 2314 -
1203 2259 1252 2328 iti
1348 2267 1349 2313 i

295 2371 435 2458 quaudo,
459 2371 517 2439 etsi
542 2377 676 2455 negatur
708 2388 820 2450 unum,
844 2370 932 2458 quod
963 2370 1045 2438 torte
1077 2372 1186 2439 miuus
1205 2383 1251 2436 ox·

295 2477 394 2564 pedit,
411 2495 469 2563 pro
486 2494 523 2543 eo
539 2476 644 2543 datur
660 2477 748 2544 aliud
764 2476 884 2544 utilius
899 2488 930 2544 ot
943 2477 1084 2566 mutius,-
1101 2486 1138 2546 ut
1155 2473 1250 2552 Paulo,

296 2583 347 2651 oui
371 2583 529 2650 stimulos
552 2583 695 2649 rorois'
720 2601 783 2650 nou
808 2590 855 2652 ost
878 2583 1016 2666 etiaim,
1040 2592 1076 2651 ut
1091 2579 1251 2652 oirtmio
1348 2573 1349 2584 ’

296 2689 493 2777 imfirmitate
512 2688 731 2776 perficeretur
754 2691 786 2756 iu
810 2708 858 2758 eo.

386 2800 416 2863 t.
434 2796 545 2864 Utilior
560 2815 653 2882 saepo
669 2804 718 2865 est
733 2797 920 2864 exercitatio
936 2797 1153 2866 tribulationis
1164 2809 1251 2884 quam

296 2901 388 2987 quies
410 2901 641 2988 prosperitatis
666 2901 738 2969 licet
763 2902 845 2971 hano
870 2903 942 2990 plus
965 2909 1123 2989 optemus.
1150 2903 1195 2970 Ex
1210 2899 1251 2970 iris

368 3111 378 3144 ¹
398 3114 486 3168 usim.
506 3115 548 3182 ts,
568 3117 611 3168 aa.
630 3129 704 3184 seqq.

367 3200 378 3232 ²
397 3202 449 3258 Cir.
468 3203 559 3256 homil.
578 3203 622 3256 30.
640 3217 668 3256 n.
686 3203 711 3256 5.
731 3217 788 3271 seq.
806 3208 833 3257 et
852 3203 942 3258 homil.
962 3203 1006 3257 38.
1025 3217 1051 3257 o.
1071 3205 1096 3258 3.
1116 3205 1143 3258 tn
1161 3205 1224 3260 Gom
1346 3241 1347 3248 κ

369 3291 477 3347 ³Exod.
498 3294 541 3357 33,
561 3294 604 3346 ts.

368 3379 379 3410 ⁴
399 3382 442 3436 1v.
454 3382 521 3448 aeg.
535 3382 578 3446 to,
592 3383 616 3434 o,
629 3386 654 3434 et
668 3382 724 3435 rso.
738 3381 781 3449 ar,
795 3383 820 3435 u.
947 3379 1020 3436 ἰν.
1040 3382 1105 3449 seg.
1125 3383 1169 3450 so,
1189 3381 1228 3436 tr.

368 3467 462 3537 ‘Cap
482 3470 531 3538 to,
544 3470 588 3523 ³0.
607 3485 677 3540 seq.;
697 3471 815 3539 sequitur
835 3470 923 3524 Marto.
944 3471 986 3538 ts,
1007 3470 1050 3524 io.

367 3557 425 3612 ⁷11.
445 3559 504 3613 Cor.
526 3561 568 3623 tt,
587 3559 643 3612 7-9.
