2776 4316
288 223 353 291 ute
641 244 729 291 arnna
752 243 891 291 nunnius

195 400 198 408 .
286 347 369 428 outa.
394 347 478 415 llanc
501 348 683 416 didicerunt
706 350 747 415 ah
770 350 839 435 ipso
862 349 979 428 Sancti,
1001 348 1055 435 qni
1090 365 1125 415 sc
1157 346 1255 414 morti

289 472 349 540 pro
371 455 526 522 lratrihns
548 456 745 535 obtulerunt,
780 457 834 542 qni
863 475 897 524 se
928 456 959 521 in
994 473 1106 522 servos
1143 453 1258 521 rendi-

290 563 408 631 dernnt
431 565 648 649 proeliorum
674 563 903 648 redemptione,
921 571 955 629 ut
973 562 1128 630 Paulinus
1140 564 1161 640 ¹,
1188 563 1257 648 qui,

292 678 328 738 ut
350 669 486 736 aliorum
511 670 584 737 lami
603 669 816 748 consulerent,
835 669 894 756 ipsi
911 667 995 736 lame
1011 668 1258 746 cruciabantur,

287 777 342 863 qui
369 795 427 862 prn
450 777 705 844 interlectoribus
730 778 797 844 suis
821 778 936 843 devote
967 775 1102 842 orabant
1133 782 1164 842 et
1197 793 1259 842 sua

290 883 483 969 benignitate
507 884 707 951 inimicorum
734 885 897 952 saevitiam
925 884 1023 951 lenire
1057 890 1090 949 et
1124 883 1260 948 malum

291 989 327 1055 iu
351 988 432 1055 hoco
455 989 612 1055 vincere²
636 989 841 1056 studuerunt.
866 988 950 1055 llanc
974 988 1085 1072 loseph
1120 987 1260 1072 patriar-

291 1095 362 1174 cha,
386 1096 517 1180 Moyses,
541 1094 680 1174 Samuel,
704 1096 802 1161 David
829 1102 860 1162 et
882 1095 935 1161 alii
967 1094 1071 1160 Sancti
1106 1093 1262 1179 multipli-

288 1203 368 1270 citer
391 1201 636 1269 ostenderunt⁸.

377 1309 408 1374 1.
435 1309 469 1374 lit
493 1326 631 1386 revera,
648 1309 820 1376 tales-sunt
844 1325 919 1376 vere
936 1308 1106 1393 sapientes,
1130 1307 1184 1393 qui
1211 1308 1260 1376 sic

289 1415 427 1500 diligunt
450 1415 604 1495 inimicos,
629 1417 703 1502 qnia
720 1417 839 1482 centies
856 1416 977 1482 maiora
993 1415 1076 1481 hona
1092 1423 1263 1500 praestant

251 1545 253 1550 ·
289 1523 336 1590 eis
361 1523 591 1608 persequendo,
615 1541 711 1608 quam
737 1523 939 1602 subtrahant,
955 1523 1038 1589 sicot
1054 1523 1110 1608 qui
1128 1529 1262 1608 raperet

293 1630 369 1696 mihi
394 1629 549 1696 talentum
575 1629 697 1715 plnmhi
722 1637 754 1696 et
778 1637 947 1714 reponeret
970 1629 1000 1693 in
1039 1628 1145 1694 locum
1175 1645 1262 1694 enu-

290 1737 363 1803 dem
389 1736 541 1802 talentum
566 1737 636 1801 anri
663 1737 745 1820 puri.
770 1735 851 1820 Quid
880 1742 980 1820 potest
1001 1735 1122 1800 homini
1147 1743 1263 1802 sancto

292 1837 598 1910 nocere'inimicust
622 1842 761 1909 Honores
786 1842 895 1909 ninndi
915 1842 964 1908 vel
988 1841 1118 1908 divitias
1134 1841 1183 1908 rel
1200 1841 1264 1908 de·

295 1949 393 2029 licias,
416 1967 458 2016 ex
491 1949 608 2034 quihus
639 1950 782 2016 nutritur
817 1948 955 2015 carnalis
990 1949 1263 2034 concupiscentia,

296 2063 398 2142 potest
421 2056 449 2123 ei
480 2055 687 2123 adversarius
718 2057 908 2123 subtrahere
940 2055 1118 2141 spoliando,
1150 2055 1264 2122 detra-

294 2164 410 2241 hend0‚
434 2164 672 2248 persequend03
696 2163 751 2230 sed
770 2164 873 2230 Sancti
892 2163 952 2228 ista
967 2181 1029 2227 nnn
1045 2169 1165 2242 amant,
1186 2161 1264 2229 ideo

292 2289 354 2336 non
379 2271 616 2348 contristantur,
641 2287 713 2335 cnm
739 2269 798 2336 ista
822 2270 1059 2335 subtrahuntur
1082 2269 1140 2336 eis.
1175 2267 1258 2336 Nam

291 2376 324 2442 ei
346 2377 424 2455 tato,
448 2395 534 2464 qaue
558 2376 678 2441 mundi
699 2386 789 2454 cant,
814 2374 990 2460 delicerent
1012 2383 1043 2441 et
1067 2375 1108 2441 de
1131 2375 1263 2442 amissis

295 2482 388 2548 valde
410 2482 564 2561 dolerent,
600 2501 667 2548 aroc
700 2490 782 2547 esset
817 2481 948 2547 coritae
984 2481 1044 2547 Del
1078 2481 1199 2547 Patrio
1223 2482 1263 2547 in

293 2589 341 2654 etc
358 2590 380 2655 ⁴.
404 2588 482 2655 Cum
507 2607 584 2673 ergo
606 2589 712 2655 aulert
735 2589 780 2654 eis
805 2589 968 2654 mundana
991 2587 1151 2667 inimicus,
1175 2605 1262 2674 quae

292 2696 338 2764 eis
362 2704 435 2762 sunt
458 2696 567 2762 odiosa
590 2704 622 2762 et
645 2714 790 2774 onerosa,
807 2696 1014 2762 cumulantur
1030 2694 1077 2761 eis
1093 2695 1178 2761 dona
1193 2695 1262 2780 spl-

295 2802 421 2868 ritualia
445 2810 476 2868 et
500 2801 613 2868 merita
637 2802 793 2880 caelestia,
810 2800 1049 2868 moideuhilic
1071 2819 1176 2886 cuper
1198 2819 1262 2866 uu·

294 2928 372 2974 rona
404 2919 433 2975 el
464 2908 608 2995 lapidem
643 2909 827 2994 pretiosam
862 2907 1006 2974 maltam
1042 2917 1071 2973 et
1102 2907 1265 2974 dulciora

292 3035 394 3100 seper
417 3015 480 3084 rael
502 3025 531 3081 el
554 3012 673 3100 fenam
691 3015 713 3079 ⁶.
734 3016 774 3082 ‘tt
802 3016 855 3101 qui
888 3014 1085 3082 occasionem
1119 3016 1175 3082 ilat
1207 3015 1265 3082 ho·

294 3123 368 3206 mini
388 3124 463 3189 tanti
482 3123 561 3189 lncri
580 3122 692 3188 merito
709 3133 755 3189 est
775 3123 803 3189 ei
822 3121 1023 3207 diligendum
1040 3121 1220 3189 Matthaeus
1232 3123 1263 3188 ⁸:

364 3298 373 3328 ¹
393 3299 582 3366 cermagna,
602 3302 702 3364 Dialcg.
722 3301 759 3354 lll.
778 3314 801 3353 c.
823 3302 846 3351 1.
919 3297 1025 3352 'llom
1047 3299 1089 3362 la,
1108 3300 1153 3352 el.

363 3386 445 3443 ⁸Clr.
464 3391 583 3455 cingor,
603 3391 647 3444 llh.
667 3391 700 3443 X.
721 3391 808 3442 llcral.
827 3403 849 3442 c.
869 3389 897 3442 t.
916 3403 940 3440 n.
960 3389 987 3440 ll.

364 3476 375 3506 ⁴
396 3479 411 3530 1.
433 3482 501 3532 loun.
521 3483 545 3546 2,
567 3481 608 3533 15.
790 3476 859 3530 ⁵l‘s.
881 3479 922 3544 18,
945 3478 988 3530 11.
1009 3491 1064 3544 seq.

364 3562 457 3634 ‘Cup
478 3569 503 3633 5,
526 3568 568 3620 11.
587 3583 642 3636 seq.
661 3576 686 3621 el
705 3569 767 3622 Luc.
787 3569 812 3633 6,
837 3566 880 3620 ³5.
