2738 4316
300 236 319 298 6
663 251 749 298 istem
774 251 897 299 neruus,

300 358 478 444 specialiter
503 357 562 423 hoc
587 357 698 424 vitium
717 357 784 424 odit
801 358 831 424 iu
848 357 986 424 subditis
1002 357 1096 424 etiam
1127 358 1158 423 in
1176 377 1271 444 prae·

300 466 391 545 senti,
414 474 451 531 nt
474 466 504 530 in
542 464 640 530 Cham
678 472 774 550 patet,
805 463 859 550 qui
892 464 1038 530 verenda
1071 465 1273 549 patrissui

299 572 431 639 cedato
453 569 625 658 fratribus
648 571 843 638 coortovit¹
869 581 900 638 et
921 571 979 638 sibi
1006 571 1268 639 maledictionem

300 678 330 744 in
356 678 416 743 hoc
440 676 708 744 irremediabilem
744 677 921 763 acquisivit.
947 677 1012 742 Nou
1048 677 1165 743 acriter
1189 695 1270 762 pon·

300 784 393 852 deres
416 801 569 851 excessus
592 801 716 863 eorum,
740 784 795 851 sed
820 785 947 870 ignosce
978 784 1024 851 eis
1047 785 1138 870 quasi
1163 784 1269 850 homi-

300 891 406 971 nibus
429 891 505 976 quia
537 891 567 956 in
605 891 714 957 multis
749 891 836 958 curis
868 909 930 957 non
962 898 1065 977 polest
1088 891 1269 976 aliquando

300 996 490 1082 negligentia
513 997 644 1076 evitari;
668 1004 700 1062 el
723 1013 817 1081 saepe
841 995 927 1082 quod
960 996 990 1061 iu
1015 996 1061 1063 eis
1091 996 1268 1082 reprelien-

300 1102 408 1168 dimus
441 1119 483 1169 ex
507 1110 615 1168 nostro
640 1103 715 1168 vitio
750 1103 850 1188 magis
885 1111 932 1169 est
960 1120 1057 1189 quam
1081 1120 1121 1169 ex
1147 1120 1266 1169 eorum

300 1208 404 1294 culpa,
429 1209 504 1294 quia
535 1227 629 1294 saepe
664 1210 796 1295 aliquid,
832 1209 917 1295 qnod
944 1227 1001 1294 pro
1026 1209 1267 1288 bonefacium,

299 1316 375 1401 quia
398 1333 510 1382 eorum
536 1316 738 1382 intentionem
764 1334 826 1382 non
852 1315 1070 1400 intelligimus,
1094 1335 1153 1402 pro
1179 1316 1268 1382 malo

299 1422 488 1490 indicamus.
504 1423 596 1508 Quod
613 1423 654 1488 ad
671 1441 729 1489 nos
745 1441 807 1488 non
824 1423 962 1508 pertinet
978 1423 1069 1489 nobis
1087 1441 1148 1489 non
1166 1441 1267 1490 usur-

298 1546 412 1614 pemus
437 1547 493 1595 nec
518 1529 793 1614 reprehendamus
809 1548 856 1608 ea,
874 1548 955 1616 quae
972 1548 1036 1616 quo
1052 1530 1158 1596 auimo
1185 1530 1269 1598 fiant

299 1638 469 1705 nescimus.
486 1675 531 1686 -
546 1637 671 1702 llonora
694 1654 748 1704 eos
775 1637 805 1702 in
829 1635 925 1703 corde
950 1645 1015 1716 tuo,
1039 1654 1100 1702 non
1117 1654 1267 1722 speroaS,

299 1761 338 1810 ne
354 1744 435 1811 lorle
450 1753 482 1811 et
498 1745 599 1810 Deum
624 1762 767 1830 spernas,
784 1744 876 1811 cuius
894 1743 994 1811 ricem
1012 1751 1145 1830 gerunt3
1166 1745 1267 1811 crede
1355 1823 1356 1828 η

299 1850 405 1927 etiam,
429 1851 514 1935 quod
538 1851 623 1917 Deus
648 1850 814 1936 inspiravit
836 1850 882 1916 eis
905 1850 1062 1936 quidquid
1087 1857 1117 1917 te
1151 1850 1267 1917 iubent

300 1955 414 2035 lacere,
439 1965 569 2042 propter
593 1958 761 2024 utilitatem
786 1958 910 2024 animae
935 1967 1017 2025 tuae.
1035 1957 1264 2025 Ordinationes

300 2079 410 2130 eorum
436 2073 467 2131 et
490 2050 729 2132 constitutiones
753 2083 792 2133 ne
816 2064 968 2145 fastidias,
992 2064 1067 2150 quia
1102 2082 1164 2130 nou
1193 2065 1266 2132 sine

299 2187 395 2237 causa
429 2170 559 2250 iaciunt,
588 2171 660 2238 licet
691 2179 726 2239 tu
757 2171 879 2239 nescias
911 2189 1022 2238 omues
1053 2189 1176 2238 causas.
1202 2172 1264 2257 Qui

301 2285 408 2344 autem
433 2278 618 2363 simpliciter
648 2278 815 2346 ambulant
847 2279 876 2346 iu
902 2279 953 2345 via
976 2279 1043 2359 Dei,
1066 2279 1173 2345 omnia
1197 2298 1264 2345 uon

300 2386 492 2465 nocentem,
517 2386 571 2452 sed
608 2394 743 2472 prosunt
773 2387 812 2453 ad
845 2386 949 2453 maius
982 2384 1130 2452 meritum
1141 2411 1150 2465 ;
1187 2404 1264 2452 nam

299 2491 359 2578 qui
381 2491 534 2559 cmoolm
555 2493 751 2579 simpliciter
775 2492 926 2560 ambulat
942 2492 1142 2580 confidenter
1156 2491 1177 2557 ¹.
1195 2494 1267 2561 Ser·

298 2617 360 2667 vus
382 2599 437 2667 Dei
462 2617 558 2667 verris
581 2599 625 2667 sic
649 2601 744 2667 debet
767 2601 915 2668 incedere
938 2601 989 2667 via
1015 2602 1100 2686 regia
1125 2602 1156 2666 in
1174 2617 1264 2668 man·

299 2705 382 2774 datis
399 2705 465 2787 Dei,
489 2707 574 2793 quod
600 2714 717 2776 statuta
741 2708 881 2774 humana
904 2726 980 2774 eum
1006 2726 1065 2774 non
1090 2713 1214 2774 ancient
1232 2708 1264 2774 in
1352 2759 1353 2772 ,

298 2813 417 2900 aliquo,
447 2814 523 2899 qnia
554 2813 761 2898 semetipsum
794 2813 887 2881 debet
918 2821 1054 2894 arctare,
1085 2814 1128 2880 ita
1163 2814 1265 2900 quod,

298 2921 392 2988 etiam
417 2921 442 2988 si
468 2939 529 2987 non
554 2928 637 2988 esset
661 2920 740 2988 illud
764 2928 930 3000 statutum,
954 2921 1061 2988 adhuc
1078 2927 1183 2987 amen
1201 2920 1264 2988 sibi

298 3035 426 3096 caveret
448 3029 489 3094 ab
504 3028 601 3106 omni,
621 3028 705 3114 quod
732 3027 790 3095 sibi
815 3027 989 3113 expediens
1006 3045 1066 3094 noo
1091 3035 1185 3094 essct.
1205 3027 1264 3095 Per

299 3221 332 3273 ln
352 3221 452 3286 gradus
471 3222 623 3274 lrumllltatls
641 3236 656 3274 a
675 3223 701 3274 S.
722 3222 817 3276 Bened
833 3223 962 3276 adductos
982 3221 1102 3289 (Regula,
1122 3236 1146 3276 c.
1167 3222 1217 3292 7.),
1237 3235 1265 3278 et

298 3309 437 3362 adducitur
456 3324 544 3364 sermo
564 3313 607 3364 ll.
626 3312 652 3364 S.
671 3311 740 3376 nug.
759 3311 792 3364 ad
807 3311 907 3366 Fratres
921 3313 946 3364 in
959 3325 1050 3366 eremo
1064 3313 1141 3380 (luter
1154 3315 1264 3380 opera),

298 3399 358 3452 hinc
377 3398 438 3452 inde
458 3399 591 3468 nilquibus
609 3401 722 3454 omissis.

370 3487 377 3522 ¹
397 3489 489 3542 Genea.
509 3489 535 3555 9,
554 3491 597 3542 22.

368 3574 476 3631 'Prou
497 3579 538 3644 td,
558 3579 583 3631 9.
