2792 4318
275 178 338 244 tid
609 195 697 241 uteuu
721 193 893 242 senuimus.

272 300 423 368 meritum
448 299 566 385 gloriae
601 301 793 386 accepimus,
816 300 857 368 ad
891 317 983 367 usum
1016 300 1236 368 convertimus

272 407 395 492 culpae.
418 407 479 473 Sed
503 413 627 486 cuneta,
643 424 725 493 quae
741 406 782 473 ad
800 424 894 474 usum
919 406 1085 493 pravitatis
1108 406 1236 474 inflexi·

273 532 355 595 mus,
379 514 419 580 ad
444 531 538 580 usum
564 513 654 580 nobis
679 520 844 581 uertentur
867 513 1067 593 ultionis1o,
1088 513 1157 580 sive
1177 531 1235 600 per

269 640 424 706 poenum,
449 619 516 688 sive
538 638 596 706 per
617 620 873 706 poenitentium:
897 638 955 706 per
973 639 1119 706 poenum
1150 620 1237 687 vide·

273 725 356 808 licet,
380 735 425 808 ut,
449 744 522 794 oum
547 745 622 794 earo
645 734 745 794 tentat
767 746 834 807 nos,
858 726 908 795 vei
932 727 1064 795 affectus
1088 727 1235 795 carnales

273 842 304 900 et
327 834 485 918 appetitus
509 833 678 901 inordinati
703 833 848 919 affligunt
878 853 947 914 uos,
977 835 1029 901 vel
1053 832 1235 902 substantia

273 940 414 1006 exterior
448 939 594 1007 aufertur
629 939 729 1020 nobis,
762 939 812 1006 vel
844 941 928 1008 aeris
949 940 1155 1025 intemperies
1180 940 1234 1007 vel

273 1053 378 1112 terrae
402 1045 550 1113 sterilitas
574 1045 624 1112 vel
656 1045 798 1130 eorporis
822 1045 990 1113 infirmitas
1024 1063 1083 1112 nos
1118 1063 1238 1114 excru-

273 1151 343 1232 ciat,
368 1151 418 1219 vei
442 1152 534 1219 aliter
556 1151 741 1238 affligimur,
764 1158 810 1233 nt,
830 1171 893 1238 per
908 1172 994 1241 qaue
1005 1153 1237 1240 peccavimus,

270 1277 331 1344 per
355 1256 435 1326 traco
457 1268 486 1324 et
504 1259 695 1345 puniamur
709 1259 742 1338 ²,·
765 1267 797 1327 et
820 1262 847 1326 si
870 1259 1060 1326 voluntarie
1088 1277 1148 1345 pro
1169 1259 1238 1327 Deo

273 1365 456 1445 toleramus,
469 1384 645 1450 purgamur
661 1385 680 1432 a
697 1368 843 1453 peccatis,
856 1385 912 1453 per
928 1385 1011 1453 quae
1027 1366 1090 1434 ea³
1108 1384 1239 1436 merne-

273 1489 393 1552 ramus,
416 1479 448 1539 et
463 1489 654 1539 coronamur
671 1491 729 1559 pro
745 1473 895 1558 patientia
911 1482 942 1540 et
958 1473 1041 1540 bona
1057 1474 1238 1554 voluntate,

272 1597 336 1664 qua
359 1597 418 1664 pro
440 1579 506 1645 Deo
537 1579 729 1660 toleramus3
753 1581 778 1646 si
802 1587 909 1647 eutem
939 1579 1051 1658 invite,
1077 1579 1241 1646 nihilomi-

273 1703 334 1752 nus
357 1692 491 1770 oportet,
517 1704 573 1753 uos
607 1686 713 1772 puniri
740 1687 790 1754 hio
823 1686 872 1753 vel
910 1686 940 1752 in
976 1687 1096 1766 futuro,
1121 1693 1154 1754 et
1178 1704 1242 1772 per

272 1790 500 1877 impatientiam
536 1811 691 1878 augemus
722 1793 861 1878 cuipam,
884 1798 915 1859 et
950 1811 1007 1879 per
1030 1810 1239 1880 consequens

272 1889 367 1967 etiam
391 1901 541 1968 meritum
565 1918 694 1987 poenae.

642 2151 855 2162 ————-=

638 2360 782 2444 PARS
811 2358 868 2441 Π.

302 2609 345 2680 Do
368 2608 564 2699 singulorum
587 2608 737 2680 uitiorum
760 2608 967 2701 descriptione
989 2608 1022 2680 et
1045 2609 1212 2698 remediis,

598 2715 710 2807 quibus
734 2717 899 2788 curantur.

361 2966 449 3034 Nune
473 2967 513 3034 de
536 2966 736 3052 singulorum
761 2965 910 3032 vitiorum
942 2974 1058 3034 natura
1093 2963 1145 3034 rel
1181 2967 1247 3038 de

273 3073 442 3160 scriptione
465 3073 571 3160 aliqua
594 3073 832 3141 cousideremns
855 3079 887 3140 et
910 3073 950 3140 de
973 3072 1134 3154 remediis,
1161 3075 1248 3159 qui-

273 3179 334 3248 bus
357 3188 522 3260 curantur,
545 3197 618 3248 cum
645 3181 748 3247 virtus
771 3198 832 3246 nou
857 3179 944 3246 aliud
961 3180 1001 3247 sit
1016 3196 1115 3265 quam
1140 3179 1249 3249 vitio-

344 3339 492 3410 ²Gregor.‚
513 3343 540 3394 ii.
560 3341 654 3396 Homit
673 3342 699 3393 tn
718 3341 826 3408 Evang,
846 3341 935 3394 homil.
955 3340 996 3394 35.
1016 3353 1043 3394 u.
1066 3341 1090 3393 t.

343 3427 436 3496 'Sap
456 3433 497 3497 tt,
517 3431 559 3484 t7.

344 3515 355 3548 ⁸
374 3519 416 3574 Ea
434 3521 507 3574 deest
525 3523 551 3574 in
571 3523 666 3576 nostris
684 3521 828 3575 codicibus.
