2808 4318
279 260 341 325 150
620 277 707 324 creon
731 277 903 326 sudunnus.

366 382 395 447 6.
421 382 536 461 Tertio,
562 389 691 466 propter
723 381 845 447 malum
869 380 1068 467 exemplum,
1105 399 1148 450 ex
1181 401 1247 466 quo

276 486 328 553 alii
347 487 487 572 graviter
502 487 768 568 scandalizantur,
785 505 846 554 nou
863 496 1008 555 carentes
1025 505 1124 572 prava
1141 488 1246 572 suspi-

277 593 365 678 cione
389 595 430 661 de
453 593 506 661 tali
531 595 628 660 noxia
651 594 875 672 familiaritate,
904 603 936 660 et
969 594 1146 661 iudicantes
1176 611 1248 660 esse

278 700 410 780 malum,
435 700 650 785 indignantur,
676 709 891 780 murmurant,
908 701 1092 780 detrabunt,
1109 699 1247 766 irrident

278 807 461 875 innocentes
484 825 596 874 eorum
621 807 768 893 collegas,
793 807 882 893 quasi
907 815 938 874 et
974 805 1018 872 illi
1055 807 1174 872 similia
1205 807 1249 872 la·

278 913 370 980 ciant.
396 914 432 979 lit
455 912 662 1000 vilipenditur
680 913 847 999 Religionis
863 913 1042 980 reverentia
1058 930 1101 979 ex
1119 913 1249 992 talibus,

279 1026 310 1086 et
321 1019 461 1105 plurima
475 1019 558 1086 mala
571 1019 663 1087 fiunt.
677 1059 718 1068 -
733 1020 789 1088 dlii
805 1037 881 1087 vero
897 1036 1009 1087 eorum
1027 1019 1178 1104 exemplo
1193 1037 1249 1085 an·

280 1125 390 1193 dacius
403 1126 518 1192 similia
534 1126 664 1206 faciunt,
680 1133 839 1212 putantes,
855 1126 951 1194 etiam
968 1125 1028 1192 sibi
1046 1125 1143 1193 licere
1159 1125 1248 1211 quod

279 1231 328 1299 isti
354 1249 388 1299 se
411 1232 540 1300 innoxie
568 1233 672 1300 lacere
700 1233 909 1312 arbitrantur,
926 1239 957 1298 et
979 1231 1109 1298 discunt
1135 1231 1248 1298 abeis

279 1338 330 1406 vel
353 1338 473 1406 audent
506 1355 618 1406 eorum
650 1339 801 1425 exemplo
835 1338 920 1424 quod
949 1345 1022 1405 ante
1053 1356 1114 1404 noo
1151 1337 1250 1404 ande

278 1444 365 1525 bant,
397 1445 494 1512 immo
516 1453 547 1512 et
571 1445 630 1530 ipsi
655 1452 838 1531 peccatores
861 1444 1086 1512 temerariores
1111 1444 1192 1512 liunt
1216 1453 1248 1512 al

279 1550 369 1636 quasi
406 1549 577 1618 iustificant
593 1567 627 1618 se
649 1551 679 1616 in
697 1558 826 1636 peccato
849 1551 1084 1636 comparatione
1108 1550 1247 1618 istorum

279 1660 553 1743 corrumpentium
579 1657 746 1742 Religionis
769 1658 951 1743 puritatem.
977 1658 1013 1724 Et
1033 1658 1112 1724 baec
1140 1657 1250 1724 omnia

281 1765 463 1832 redundant
479 1765 510 1831 in
528 1765 675 1832 iniuriam
693 1763 749 1832 [lei
766 1773 797 1832 et
812 1764 965 1833 ollensam
983 1773 1014 1832 et
1030 1764 1161 1831 honoris
1177 1763 1249 1830 elus

280 1871 526 1952 detrimentum;
550 1889 623 1939 cum
648 1871 815 1940 insolentia
838 1871 976 1940 familiae
1007 1869 1247 1956 patrisfamilias

280 1978 421 2046 dedecus
444 1979 601 2047 videatur.

370 2087 399 2150 7.
424 2085 529 2153 Tertia
552 2085 674 2171 species
696 2085 847 2154 luxuriae
871 2094 918 2154 est
948 2085 1103 2153 naturalis
1133 2102 1251 2152 concu-

281 2192 367 2262 bitus
390 2193 449 2258 riri
473 2201 505 2260 et
528 2193 664 2260 laminae
695 2192 763 2260 sine
795 2191 932 2278 coniugii
957 2192 1130 2260 honestate.
1168 2189 1251 2258 llaec

281 2298 499 2367 subdividitur
522 2299 553 2365 in
578 2298 696 2367 mullas
719 2299 850 2384 species,
875 2306 910 2366 ut
934 2306 982 2366 est
1012 2296 1150 2382 simplex
1186 2296 1250 2363 lor·

282 2405 407 2485 dicatio,
432 2405 638 2485 adulterium,
662 2405 877 2491 sacrilegium,
901 2406 1050 2483 incestus,
1085 2411 1251 2490 stuprum,

282 2519 394 2598 raptus
417 2519 487 2590 etc,
510 2530 593 2598 qnae
617 2529 678 2578 non
702 2529 880 2598 prosequor
903 2529 961 2579 nec
984 2509 1147 2594 distinguo
1165 2510 1183 2574 ¹.

372 2619 403 2684 8.
428 2617 547 2702 Quarta
571 2624 620 2684 est
643 2625 809 2703 peccatum
835 2617 1024 2686 innaturale.
1048 2615 1126 2682 Cum
1160 2615 1249 2682 euim

282 2733 399 2792 natura
422 2723 571 2792 omnibus
596 2724 694 2792 rebus
717 2725 847 2792 nomina
867 2724 998 2810 propria
1013 2721 1149 2802 dederit,
1165 2739 1251 2809 qnae

282 2839 417 2898 naturae
440 2830 615 2912 subiacent,
646 2831 707 2898 boc
738 2837 904 2917 peccatum
940 2829 1031 2916 quasi
1066 2837 1162 2896 extra
1197 2829 1251 2896 rel

167 2933 171 2940 '
283 2943 394 3006 eontra
416 2945 565 3004 naturam
606 2937 674 3005 sine
707 2937 837 3025 speciali
873 2937 1000 3004 nomine
1035 2934 1175 3022 reliquit,
1211 2951 1251 3004 eo

281 3044 367 3130 qnod
393 3043 558 3129 indignum
583 3045 624 3112 sit
647 3045 775 3112 nomine
798 3043 884 3130 quod
908 3043 1008 3128 ipsam
1026 3050 1176 3110 naturam
1197 3041 1250 3109 de

282 3151 378 3218 struit
400 3158 432 3218 at
455 3151 628 3218 humanam
653 3159 802 3218 naturam
827 3149 967 3217 maculat
989 3155 1021 3216 et
1037 3147 1177 3216 inlamat.
1200 3147 1249 3214 Di·

283 3257 366 3325 citur
390 3264 496 3325 tamen
520 3256 692 3342 aliquando
711 3255 829 3342 possin
864 3254 1069 3343 ipnoma'niua
1102 3253 1154 3320 rel
1191 3253 1249 3320 im·

282 3362 452 3431 munditia
475 3361 525 3431 rel
549 3361 701 3431 mollities
708 3387 720 3442 ;
743 3369 775 3431 et
799 3360 916 3430 talibus
938 3359 1141 3448 passionibus
1177 3359 1248 3428 sub

282 3471 366 3539 ditos
388 3471 555 3557 Apostolus
578 3471 655 3540 dicit
679 3471 822 3539 traditos
846 3470 882 3537 in
897 3467 1078 3557 reprobum
1099 3473 1245 3548 sensum,

355 3591 365 3623 ¹
385 3593 433 3648 Ed.
455 3595 465 3646 l
489 3594 574 3650 addlt:
594 3594 660 3666 quic
678 3593 745 3651 cdlii
760 3593 792 3651 dt
810 3593 860 3652 boc
878 3592 946 3650 sads
965 3589 1089 3650 babetur.
