819 1202
60 60 428 81 φῇ
443 60 522 67 *W*

205 131 225 143 lut
237 130 358 143 aeromanoun
369 130 434 143 nummis
445 130 538 143 [Ni-entonis.
592 126 613 142 75

129 157 215 174 immolare
226 157 302 174 dilectum
321 157 420 178 unigenitum
436 161 490 176 suum,
503 156 578 173 heredem
591 156 614 173 di·

129 184 177 200 vinae
189 183 318 205 repromissionis
325 184 337 203 ¹,
349 185 367 200 ut
378 183 491 200 ostenderetur
500 187 557 204 magna
565 182 613 200 devo-

129 210 153 227 tio
164 210 264 227 obedientiae
275 210 355 227 Abraham
367 212 383 226 et
395 209 432 226 fidei
444 210 465 226 ad
477 210 534 229 Deum,
542 214 574 231 qua
585 214 614 226 uec

128 237 154 254 sic
171 237 255 254 haesilavit
272 237 292 254 de
307 237 343 254 eius
359 236 469 258 promissione,
485 236 524 258 quin
540 236 614 258 impleret

128 264 178 281 etiam
190 264 211 280 de
222 264 279 284 occiso,
291 263 334 285 quod
347 263 427 285 pollicitus
439 265 474 280 erat
484 263 504 280 ei.

176 291 191 307 6.
204 290 262 307 Harum
274 290 379 307 tentationum
388 290 466 311 quasdam
475 291 537 311 oportet
545 294 574 306 nos
583 294 614 306 ma-

128 317 174 334 xime
186 317 275 334 resistendo
292 321 375 338 superare,
387 318 405 333 ut
417 316 507 338 spiritualia
518 316 561 336 vitia,
573 316 614 333 seili-

128 346 155 361 cet
167 344 213 363 iram,
224 343 307 363 accidiam,
321 343 419 364 superbiam,
435 343 521 363 invidiam
535 343 613 364 quasdam

129 374 170 387 vero
181 370 257 392 rugiendo
269 370 327 387 melius
338 370 423 387 evadimus
434 374 482 391 quarn
492 370 583 391 pugnando,
596 372 614 387 ut

130 397 220 416 luxuriam,
229 397 289 418 gulam,
297 396 387 416 avaritiam,
396 396 432 413 licet
440 396 487 413 eiiam
495 401 550 418 pugna
558 399 614 413 contra

129 428 159 441 eas
170 424 191 441 sit
208 423 303 442 necessaria.
315 423 343 440 sed
360 425 413 440 tamen
431 428 462 440 non
480 425 504 440 est
520 425 573 440 tntum
586 424 613 440 diu

129 450 223 467 cohabitare
234 450 310 471 serpenti,
322 452 338 466 et
346 450 398 467 multo
406 450 455 467 tutior
463 452 487 467 est
495 450 560 467 castitas
568 450 614 472 longe

129 481 139 493 a
152 476 239 493 mulierum
255 476 345 498 frequentia
360 478 420 493 semma
437 481 484 498 quam
497 477 513 493 in
526 476 578 493 merlin
590 481 615 493 ea·

130 507 178 523 rum;
191 503 253 520 facilius
270 503 370 520 abstinemus
381 508 391 520 a
408 503 481 520 delicatis
496 503 536 520 cibis
547 505 563 520 et
575 505 614 525 potu

130 530 156 547 vel
168 530 189 547 ab
205 534 261 547 eorum
278 530 394 551 superfluitate,
412 530 477 551 quaudo
494 535 525 547 non
540 530 614 547 videmus

129 561 159 574 nec
172 557 256 576 hahemus.
274 561 322 578 quam
340 561 377 574 eum
393 556 416 573 eis
433 556 546 577 anonumum
558 557 614 579 etqui

129 583 184 600 omnia
196 583 272 605 relinquit
290 585 356 606 propter
373 584 455 601 Christum
473 585 488 601 et
506 584 613 600 vnlnutariaru

129 612 242 632 paupertatem
254 610 298 632 eligit
316 610 369 627 minus
386 610 470 627 infestatur
487 615 497 627 a
509 610 553 627 euris
564 610 615 627 avari·

129 637 168 657 tiae,
179 641 228 658 quarn
241 637 268 658 qni
284 637 342 653 retinet
359 637 424 654 divitias
436 636 501 657 saeculi,
513 641 577 658 semper
588 641 615 653 an-

130 663 175 683 xius,
187 663 267 685 quomodo
279 668 306 680 eas
318 665 401 680 conservet
413 665 428 680 et
440 665 503 685 augeat.

176 691 192 707 7.
203 690 295 712 Spiritualia
312 692 366 707 autern
385 690 428 710 vitia,
440 690 469 707 etsi
485 690 581 712 quandoque
593 695 614 707 ex

129 717 168 738 ruga
180 717 266 734 videantur
281 717 327 738 quasi
346 717 429 734 remissius
440 719 456 734 et
468 717 522 734 rarius
534 717 614 737 infestare,

129 744 170 760 dum
183 743 228 760 deest
239 743 301 760 occasio
318 743 430 765 impugnandi,
442 745 494 760 tamen
506 745 566 765 postea,
579 745 614 760 orta

129 770 219 790 occasione,
231 770 289 787 durius
306 770 360 787 furere
376 770 432 790 solent,
445 770 486 787 sicut
498 770 522 787 leo
534 770 562 787 diu
574 772 615 787 cate-

130 799 178 814 natus
190 797 260 819 amplius
272 797 331 817 fremit,
342 801 379 814 eum
392 796 440 814 tuerit
451 797 526 814 emissus.

175 824 191 840 8.
203 823 304 841 'tentationes
316 828 355 840 vero
366 825 421 840 contra
434 823 482 840 fidem
494 825 510 840 et
522 823 542 840 de
556 823 614 845 spiritu

129 850 240 872 blasphemiae
252 852 268 867 et
279 850 340 867 similes
352 854 380 867 nec
392 850 448 871 fugere
459 854 546 872 possumus
554 854 583 867 nec
591 854 615 867 re-

129 877 217 899 pugnando
235 877 304 897 vincere,
322 877 365 898 quia,
382 879 442 898 quanto
458 877 495 898 plus
511 876 614 898 indignamur

129 904 250 925 nobismetipsis
265 906 281 920 ei
297 904 398 925 disputamus
414 908 451 920 cum
467 903 496 923 eis,
508 905 552 920 lanto
564 903 614 924 magis

128 930 216 948 refricatur
228 935 283 947 earum
296 930 350 947 rabies
361 932 377 947 et
384 930 487 950 aceenditur;
495 930 523 947 sed
532 934 563 947 uon
577 931 615 947 sunt

167 962 171 971 ¹
181 962 214 975 Gen.
223 962 245 979 22,
255 962 267 975 ε.
276 966 321 979 seqq.;
332 962 370 975 nom.
377 962 389 979 ι,
396 962 460 979 3.seqq.;
469 961 509 975 uebr.
517 962 538 978 ii,
547 961 612 978 imumq-
