2792 4318
296 248 337 294 DE
360 247 601 296 nnnoauamona
624 248 753 296 HOMINIS
776 247 960 297 inremotus.
1066 230 1105 297 81

143 356 177 422 in
202 354 335 422 australi
361 361 453 440 parte
477 356 624 435 sentitur,
648 363 695 436 ut,
718 362 875 440 quantum
892 355 993 423 deiuit
1009 356 1055 422 eis
1071 355 1111 423 de

143 462 286 550 perfecto
318 462 475 528 virtutum
511 462 628 540 studio,
660 469 783 528 tantam
810 460 873 527 iiiia
897 460 979 528 desit
1001 461 1047 528 eis
1070 462 1112 528 de

143 566 266 650 gloriae
289 565 414 651 fulgore
438 573 470 634 et
494 565 621 633 divinae
645 566 805 634 fruitionis
828 566 954 634 ardore.

236 675 265 740 b.
291 672 389 740 Tertii
413 672 570 758 uettgtost,
593 672 648 758 qai
672 682 704 740 ot
727 673 849 759 optimi,
866 673 1025 760 designari
1043 691 1112 758 pos·

143 787 220 846 sunt
243 796 301 863 per
328 775 516 857 Caatbt'tao,
540 779 594 864 qui
616 777 800 864 portabant
824 779 929 865 ipsum
953 788 1110 846 sanema-

144 885 252 963 rr'am,
278 884 308 951 id
334 893 382 951 est
416 903 537 951 aream
561 892 591 950 et
613 884 724 952 attare
746 891 775 950 et
810 903 958 952 mearam
991 904 1110 972 propo·

142 991 276 1058 sitioar'e
311 1009 388 1058 eam
423 990 516 1056 vasis
546 991 632 1070 soie,
657 990 808 1058 iavotota
843 1000 951 1058 tamea
977 1001 1006 1057 et
1041 1011 1110 1058 roo·

138 1107 240 1186 perta
255 1099 277 1163 ¹.
302 1097 335 1164 Hi
361 1095 448 1165 ‘sunt
478 1097 531 1183 qui
565 1097 695 1165 student
731 1097 914 1180 interiorem
949 1097 1109 1166 bominem

143 1224 252 1285 saum,
277 1205 308 1271 in
333 1223 397 1291 quo
423 1202 577 1272 Charmae
600 1201 769 1271 tataoaar
787 1223 850 1290 per
872 1202 970 1288 fidem
986 1203 1009 1283 ²,
1026 1222 1110 1271 oom-

141 1330 263 1400 ponero
285 1319 318 1379 et
349 1312 388 1379 ad
426 1330 518 1378 veras
549 1312 684 1378 virtutes
716 1329 750 1378 se
784 1329 937 1378 exeraere
972 1317 1003 1378 et
1036 1311 1110 1378 vitia

142 1420 249 1486 carnis
273 1427 304 1486 et
328 1418 460 1505 spiritus
484 1417 675 1504 exstirpare,
699 1418 792 1498 iram,
825 1417 986 1496 invidiam,
1010 1417 1111 1483 avari-

141 1525 231 1604 tiam,
255 1525 420 1605 accidiam,
444 1525 640 1610 superbiam,
664 1526 784 1610 gulam,
816 1525 982 1591 luxuriam
1014 1523 1111 1590 viriti-

140 1638 191 1697 ter
215 1647 403 1716 expugnare
426 1637 459 1698 et
482 1631 533 1698 bis
555 1631 732 1698 contrarias
756 1632 892 1698 virtutes
919 1631 1006 1697 aordi
1032 1631 1111 1698 inse·

140 1754 232 1803 rere:
259 1737 483 1817 humilitatem,
507 1738 682 1818 caritatem,
707 1739 996 1816 mansuetudinem,
1013 1737 1109 1804 devo-

140 1845 273 1923 tionem,
297 1844 487 1929 largitatem,
511 1845 715 1912 sobrietatem
748 1853 779 1912 et
802 1847 989 1913 castitatem.
1027 1845 1106 1913 istae

139 1949 227 2016 enim
254 1951 388 2017 virtutes
410 1959 485 2017 sant
507 1970 624 2016 uerum
648 1953 899 2029 sanctuarium,
925 1959 956 2019 et
971 1953 1026 2036 qiri
1051 1952 1108 2019 ba-

140 2057 196 2124 bet
219 2075 275 2149 eas
299 2063 427 2126 sanatus
450 2066 507 2124 est.
538 2058 625 2126 Unde
660 2058 820 2125 Caatbitae
856 2059 1107 2144 interpretantur

135 2162 303 2249 patientes
321 2163 368 2229 rei
386 2171 620 2247 componentes
638 2165 713 2250 quia
731 2182 786 2249 per
803 2164 997 2250 patientiam,
1014 2182 1107 2250 quae,

141 2277 224 2338 teste
240 2271 351 2337 iaaobo
365 2270 387 2350 ⁸,
410 2289 495 2356 opas
515 2268 702 2357 perfectam
727 2268 833 2348 babet,
855 2278 1051 2357 componunt
1073 2288 1107 2337 se

141 2384 175 2443 et
194 2377 345 2442 ordinant
367 2378 406 2444 ad
433 2377 534 2444 Deum
559 2385 590 2445 et
614 2378 654 2445 ad
671 2378 855 2464 proximum
874 2379 904 2444 in
924 2378 1107 2459 virtutibus,

140 2483 227 2550 siout
250 2482 377 2550 debent.

232 2593 263 2656 6.
289 2589 449 2658 Prioribus
473 2591 601 2658 duabus
636 2593 765 2659 familiis
796 2593 888 2660 iussit
918 2593 1107 2659 Domiaos‘

139 2697 224 2764 dari
243 2696 402 2782 plaustra
425 2698 467 2764 ad
484 2698 694 2766 subvehenda
720 2717 818 2766 onera
844 2717 921 2781 sua;
943 2699 1024 2786 titiis
1048 2719 1108 2767 aa·

140 2811 205 2870 tem
239 2800 345 2870 Caatb
380 2822 448 2869 aaa
483 2804 572 2870 deda
605 2805 774 2890 plaustra,
807 2805 861 2892 qui
897 2807 1048 2872 serviant
1071 2805 1108 2871 r‘a

143 2909 345 2975 oaaetaara‘o
368 2917 397 2976 et
414 2928 519 2976 onero
531 2911 685 2996 propriis
698 2919 838 2996 portarat
853 2909 1013 2990 hemerin,
1030 2911 1105 2998 qaia

140 3025 207 3084 tam
233 3019 263 3082 in
288 3018 439 3085 bumanis
461 3018 716 3085 ordinationibus
739 3037 836 3105 qaam
854 3020 885 3085 in
903 3019 1107 3104 castigatione

138 3124 285 3208 eorporis
309 3123 507 3209 permittitur
530 3124 638 3210 aliqua
661 3124 809 3191 remissio
833 3125 993 3192 ueletiam
1012 3126 1107 3191 inter·

140 3229 261 3311 missio,
285 3231 383 3297 immo
407 3231 550 3311 iubetur,
575 3239 610 3297 ut
634 3231 665 3297 in
699 3231 817 3300 talibus
841 3231 880 3298 sit
903 3230 1106 3298 rationabile

107 3365 110 3368 Ι
213 3388 222 3420 ¹
243 3390 319 3443 Num.
341 3391 382 3457 to,
403 3392 446 3443 21.
464 3396 490 3444 ot
510 3390 537 3456 i,
557 3390 582 3443 5.
601 3405 678 3459 seqq.

212 3477 338 3544 ²pres.
357 3479 382 3544 3,
403 3476 445 3530 tr.
697 3477 789 3544 ³0³1).
811 3482 834 3547 t,
855 3479 881 3532 i.

211 3566 224 3597 ⁴
242 3567 319 3620 Nam.
338 3566 364 3634 7,
383 3565 410 3620 7.
429 3582 505 3636 seqq.
