2776 4316
271 250 336 318 ibi
624 268 711 316 cicun
735 268 874 338 rubrius

270 373 444 441 honestatis
467 390 564 440 cansa
599 391 710 440 rerum
745 371 923 439 difficilium
961 372 1143 439 voiuntaria
1167 389 1241 458 per·

269 480 384 568 pessio.
408 479 584 547 Fortitudo
607 488 656 547 est
679 479 852 549 immobilis
875 481 958 546 inter
981 479 1120 546 adversa
1136 481 1239 546 animi

270 587 417 654 laborum
442 595 473 653 et
497 586 713 671 periculorum
749 605 852 674 aequa
881 587 1050 672 susceptio.
1077 587 1241 653 Consmn-

271 694 319 760 tr'u
342 703 390 760 est
425 694 507 760 inter
541 693 733 762 fluctuantes
764 712 877 761 causas
909 701 942 760 et
965 711 1119 779 personas
1144 694 1238 760 nnita

269 800 385 866 urentis
410 799 621 884 trepidatione
644 800 781 867 concuti.
814 798 1082 885 Magnanimitas
1105 807 1154 865 est
1179 799 1242 866 dii·

270 903 403 970 iioitium
427 912 602 990 spontanea
624 912 656 971 et
691 905 888 972 rationabilis
911 905 1084 990 aggressio.
1108 906 1241 992 Longa·

269 1011 409 1078 ninrttus
433 1022 481 1078 est
504 1029 577 1096 spes
599 1031 674 1078 cuni
700 1012 794 1097 longa
810 1013 1047 1098 exspectatione
1064 1012 1237 1078 bonorum.

269 1119 360 1184 Mitis
384 1127 441 1199 est,
466 1137 560 1219 quein
586 1120 702 1186 mentis
725 1123 881 1205 asperitas
898 1137 955 1187 seu
971 1120 1155 1187 amaritudo
1172 1137 1240 1186 non

270 1225 376 1292 afficit.
402 1226 623 1304 Mansuetudo
659 1237 706 1294 est
740 1228 837 1293 anirni
863 1227 1078 1312 tranquillitas
1101 1227 1239 1296 atterius

270 1349 330 1396 non
356 1333 473 1399 cedens
498 1333 702 1418 improbitati.

361 1441 390 1505 6.
416 1440 545 1506 Possent
567 1440 662 1507 etiarn
687 1440 813 1526 singula
837 1441 973 1508 istorum
997 1440 1131 1526 singulis
1156 1441 1239 1509 tote-

269 1545 380 1613 randis
403 1565 532 1633 quoquo
558 1547 652 1613 inodo
674 1548 887 1633 appropriari,
920 1548 1009 1614 verbi
1038 1548 1150 1633 gratia,
1176 1567 1241 1634 pu·

272 1652 354 1718 tiens
378 1653 438 1719 dici
465 1660 573 1742 potest·
590 1654 645 1738 qui
681 1654 807 1720 dotores
842 1671 945 1741 aequo
968 1654 1075 1719 animo
1110 1654 1240 1734 tolerat,

270 1766 306 1826 nt
329 1759 393 1839 lob,
417 1760 539 1827 Tobias.
565 1761 677 1826 Fortis
700 1768 758 1840 est,
782 1778 879 1846 quern
904 1761 1112 1827 tentationum
1137 1769 1241 1828 certa·

270 1867 356 1933 mina
381 1885 441 1934 non
466 1876 630 1948 enervant,
655 1877 691 1934 ut
715 1868 838 1953 loseph.
864 1868 1037 1945 Constans,
1054 1885 1150 1954 quem
1177 1877 1241 1935 ter·

270 1991 360 2040 rores
383 1982 415 2040 et
440 1974 564 2042 iabores
588 1993 649 2040 nnn
675 1975 910 2061 pusillanimem
945 1974 1077 2053 iaciunt,
1110 1985 1146 2042 ut
1175 1975 1239 2041 bia·

270 2081 411 2148 cbabaei.
434 2082 686 2169 Magnanimos,
703 2083 756 2168 qui
774 2082 877 2149 ardua
899 2090 932 2148 et
947 2081 1088 2148 difficilia
1103 2083 1239 2168 aggredi

270 2205 333 2253 non
356 2189 551 2273 expavescit,
576 2196 611 2255 ut
635 2188 746 2267 David,
779 2189 909 2255 loannes
933 2179 1081 2274 Baptista.
1105 2189 1241 2276 Longu·

270 2293 385 2372 nimis,
409 2312 504 2380 quem
531 2295 623 2379 ionga
646 2295 843 2381 exspectatio
866 2313 885 2360 a
916 2313 973 2380 spe
996 2295 1147 2363 desiderii
1173 2313 1239 2362 non

270 2400 395 2486 trangit,
420 2408 456 2467 nt
480 2401 649 2479 Abrabam,
673 2403 714 2468 ad
740 2401 897 2469 Hebraeos
920 2409 1012 2468 sexto
1026 2403 1045 2466 ¹.
1069 2402 1160 2468 Mitis
1176 2409 1239 2484 est,

270 2507 323 2591 qui
349 2506 523 2573 odientium
554 2496 671 2573 iaculis
702 2525 902 2593 nequaquan]
928 2507 1085 2588 irritatur,
1109 2514 1146 2574 ut
1171 2526 1240 2575 rna-

270 2613 337 2680 luur
363 2631 419 2698 pro
445 2614 528 2679 maio
553 2614 721 2694 retribuat,
745 2623 781 2679 ut
805 2614 935 2699 Moyses.
954 2614 1161 2694 Mansuetus,
1180 2615 1237 2702 qui

269 2721 365 2787 corde
390 2720 584 2806 tranquillus
607 2729 655 2786 est
678 2728 710 2788 et
734 2721 878 2788 moribus
901 2720 980 2787 foris
996 2721 1184 2802 tractabitis,
1202 2729 1238 2790 ut

270 2828 399 2895 loannes
425 2828 632 2913 Evangelista.

617 3005 801 3072 Cornucun
824 3005 882 3071 XL.

290 3185 404 3252 Virtus
424 3184 608 3271 patientioe
630 3183 718 3250 volet
740 3185 787 3250 od
808 3194 929 3271 septem
954 3183 1053 3251 bonos
1076 3179 1222 3273 effectus.

359 3362 450 3429 Valet
472 3371 579 3429 autem
606 3361 708 3429 virtus
730 3362 900 3448 patientiae
923 3364 964 3431 ad
979 3339 1107 3429 'multam
1131 3364 1237 3448 primo

268 3467 485 3535 tolerabiliora
503 3469 607 3537 reddit
625 3470 801 3554 praesentis
825 3469 908 3537 vitae
925 3469 1138 3550 incommoda,
1160 3469 1237 3557 qnia

342 3591 351 3624 ¹
374 3595 449 3649 Vens.
470 3596 513 3648 ts.
