819 1202
68 60 265 78 Wm«
280 60 284 61 ⁷
372 60 375 64 ¹
610 60 741 79 *w—--s

219 133 239 145 ns
251 133 271 145 vn
283 133 388 146 euocaesmus.
401 134 487 146 euocassus
499 134 519 146 tv.
579 130 610 146 179

129 159 210 176 exterinra
222 164 310 177 conversus
321 160 377 177 multis
388 161 444 182 prosit,
455 162 472 177 st
483 160 519 177 iden
535 160 555 177 ah
573 160 611 177 inte-

130 186 200 203 rioribus
212 186 231 203 sil
244 186 324 208 repulsus.
336 187 373 203 Vult
381 187 428 204 etiam
437 186 468 204 sub
476 186 576 204 discretionis
586 191 612 203 ve-

129 213 188 229 lamine
200 213 275 234 deinceps
287 218 352 235 parcere
364 213 400 234 sibi,
412 218 432 230 ne
446 218 505 235 eorpus
520 213 568 230 nimis
583 213 610 230 de<

129 239 207 260 hilitetur,
219 239 243 257 vel
256 242 304 262 caput
316 240 463 262 irrecuperabiliter
475 240 578 261 destruatur;
596 242 611 258 st

129 267 185 288 incipit
196 267 274 284 remissus
285 271 321 284 esse
333 267 348 284 in
361 266 415 284 studio
426 267 502 284 orationis
513 269 529 284 et
544 267 563 284 ad
576 271 611 284 run-

128 293 235 310 fabulationss
246 294 340 315 promptior,
351 294 372 310 ad
384 294 485 315 evagandum
498 294 573 315 paratior,
590 294 611 310 ad

129 320 202 342 corporis
214 320 298 337 commoda
309 320 401 341 studiosior,
413 321 432 337 ad
446 321 500 337 inanes
516 321 558 338 iocos
574 325 611 342 pro-

129 347 170 367 nior,
182 347 202 364 ad
218 347 308 364 exteriores
320 347 437 369 occupationes,
455 347 485 364 sub
503 347 555 369 speeie
570 347 612 364 redi-

129 373 186 390 mendi
197 376 260 395 tempus
268 373 272 381 ¹
286 373 351 393 utiliter,
363 373 464 390 voluntarius
475 376 491 390 et
506 374 581 391 intentus.
594 374 612 390 Et

129 400 152 417 ita
163 400 241 422 paulatim
252 400 352 417 abstrahitur
363 405 372 417 a
384 400 436 422 primo
448 401 516 420 tervore,
524 402 540 417 et
551 400 612 417 deside-

129 427 173 444 rium
186 427 278 448 proficiendi
291 427 384 449 refrigescit,
395 429 411 444 et
428 427 500 444 studium
518 428 611 449 languescit,

128 456 145 471 et
157 454 248 471 subintrant
255 454 346 471 affectiones
355 454 465 475 religiosarum
474 454 576 474 feminarum,
585 454 611 471 vel

128 485 138 497 e
150 485 233 500 converso,
244 483 260 498 et
272 481 369 498 visitationes
383 480 452 500 illarum,
464 482 480 497 et
490 480 565 498 omnihus
576 480 612 497 aliis

129 507 219 528 exstinctis,
231 507 283 524 solum
292 507 321 524 hoc
334 509 405 524 remanet
413 507 427 524 ei
439 507 459 524 ad
468 507 542 524 solatium
553 507 611 528 debile,

128 534 172 555 quod
185 534 239 551 adhuc
250 534 280 551 scit
292 534 334 556 loqui
347 534 367 551 de
379 534 442 556 spiritu,
455 538 483 556 per
498 534 541 556 quod
554 534 579 551 vel
595 539 612 551 se

129 561 182 582 ipsum
195 561 265 582 praefert
277 561 332 578 multis
340 561 428 582 inexpertis
440 561 496 578 talium
504 561 613 583 experientia-

129 591 167 604 rum
179 587 293 609 spiritualium,
306 587 330 604 vel
342 587 411 609 acquirit
422 587 452 604 sibi
464 591 522 604 nomeu
533 587 577 609 apud
590 592 612 605 re·

129 614 194 635 tiginsas
201 614 273 634 feminas,
285 618 327 635 quae
338 614 436 634 existimant,
448 618 485 631 eum
498 614 541 636 loqui
549 619 570 631 ex
579 619 619 636 cor-v

129 640 155 657 dis
166 640 265 657 abundantia
282 643 298 657 et
315 645 350 658 esse
362 640 422 658 bonum
440 641 552 658 instructorem
570 641 612 658 vitae

129 667 218 689 spiritualis
230 669 246 684 et
257 667 346 684 devotionis
353 667 429 684 internae.
438 667 454 684 ln
463 667 512 684 huius
522 667 612 684 tentationis

129 696 224 715 tempestate
231 694 297 716 plurimi
305 693 389 714 fluctuant,
395 696 411 711 et
417 694 463 715 pauci
471 694 563 716 enavigatum
571 698 612 715 quos

130 725 159 737 nee
170 725 216 737 amor
228 721 256 738 Dei
268 720 322 741 afficit,
334 725 363 738 nec
374 721 472 738 desiderium
485 721 539 741 trahit,
551 725 580 737 nec
593 721 611 737 ti-

129 752 165 764 mor
177 748 254 767 stimulat,
266 752 295 765 nee
306 748 360 764 fervor
372 747 465 769 proficiendi
481 749 533 769 urget,
549 747 611 764 remissi

130 774 145 791 iu
158 774 238 795 omnibus,
248 776 264 792 et
276 775 289 792 si
301 779 333 797 qua
345 774 386 791 bona
394 774 469 792 videntur
480 774 538 795 faeere,
548 779 569 791 ex
581 779 612 791 usu

129 801 200 823 quodam
215 801 240 818 vel
252 806 272 818 ex
285 802 347 823 pudore
359 801 430 819 humano
442 801 507 821 faciunt,
519 801 544 818 vel
561 806 582 818 ex
595 801 612 818 ti-

130 832 180 848 more,
192 833 213 845 ne
223 828 297 845 deterius
308 828 374 850 aliquid
385 828 409 845 eis
417 828 503 850 contingat
510 828 521 844 ἱ
532 828 575 845 Unde
584 828 612 850 qui

130 854 160 872 hoc
175 859 253 877 superare
265 855 351 875 desiderat,
362 857 429 877 oportet,
442 857 459 872 ut
472 855 503 871 viru
516 855 580 872 sibimet
591 855 613 872 fa-

130 882 161 899 eiat
173 884 205 899 tam
217 881 261 898 cordi
272 886 321 903 quam
334 881 402 903 corpori.
414 881 455 899 sieut
469 881 532 903 pigrum
548 881 612 902 animal,

129 908 173 930 quod
180 908 269 925 calcaribus
275 908 355 928 tunditur,
360 908 427 930 flagellis
435 908 508 930 agitatur.
516 917 538 921 --
544 908 612 929 Quidam

130 935 218 952 trahuntur
230 935 291 957 impetu
302 935 370 952 tervoris
387 935 407 952 ad
419 935 484 952 bonum.
502 935 546 952 Sicut
564 935 613 956 igitur

166 966 170 975 ¹
181 966 229 983 nptias.
238 967 251 982 s,
262 967 282 979 ιε.
408 966 414 975 2
425 966 460 980 ioan.
470 966 482 982 5,
493 966 514 979 it⁴
