2776 4316
295 208 368 274 '280
657 223 746 271 trouu
770 222 911 272 ruurrus.

295 330 335 396 iu
359 328 555 397 comedendo
571 346 711 407 servare,
728 345 768 395 nc
784 327 901 395 ieiunia
916 333 1037 394 statuta
1053 326 1161 394 leviter
1176 325 1266 392 lreu·

305 445 431 522 gantur,
456 436 507 503 vel
531 443 674 521 tempore
697 436 873 520 incongruo
896 433 1001 519 epulis
1024 441 1056 500 et
1080 431 1205 518 potibus
1221 438 1265 499 le

303 561 392 610 mere
416 543 620 622 inserviatur,
645 549 676 610 et
699 559 739 609 nc
755 541 857 626 magis
873 541 914 608 ad
931 540 1097 607 luxuriam
1114 555 1211 626 quam
1227 537 1266 604 ad

304 658 438 716 naturae
463 642 666 717 relectionem
690 648 815 716 edendo
839 647 889 716 vel
913 646 1052 715 bibendo
1083 645 1266 724 studeatur3

305 756 512 831 Ecclesiaslae
543 755 709 823 decimo¹:
741 755 806 821 Voe
833 762 954 832 terroe,
978 752 1079 824 cuiue
1101 771 1161 819 reu
1180 769 1267 837 puer

304 869 364 940 est,
388 869 417 927 et
439 861 538 928 cuius
558 861 730 948 principes
753 879 853 926 mooe
875 859 1052 926 comeduut
1073 864 1131 926 etc
1159 857 1267 936 Pecus,

307 967 393 1054 quod
418 967 521 1035 solum
548 967 650 1034 ventri
674 965 795 1034 servire
818 965 916 1046 novit,
945 971 1054 1032 servat
1084 965 1116 1032 iu
1145 961 1269 1031 edendo

307 1081 339 1141 et
362 1074 499 1141 bibendo
536 1073 669 1140 modurn
704 1078 838 1140 naturae
872 1071 1131 1150 convenientem
1161 1070 1208 1136 sio
1237 1075 1268 1136 el

307 1181 404 1247 homo
428 1180 533 1260 debet,
556 1181 611 1266 qui
638 1180 758 1266 regitur
782 1179 922 1260 ralioue3
938 1178 1080 1264 alioquin
1096 1177 1268 1245 meliosus

307 1293 355 1356 set
378 1287 406 1354 ei
430 1305 541 1354 carere
567 1287 698 1368 ratione,
723 1304 820 1373 quam
844 1305 905 1354 nou
939 1286 1004 1372 regi
1040 1285 1082 1353 ab
1115 1303 1162 1366 ea,
1197 1282 1270 1371 qula

304 1412 367 1461 uou
393 1401 538 1480 peccaret
560 1411 673 1462 careus
696 1394 827 1461 ratione.

393 1501 559 1568 Secundus
583 1501 704 1586 gradus
723 1518 793 1569 esse
809 1507 913 1586 potest
929 1499 1024 1567 etiam
1041 1517 1061 1566 e
1077 1497 1267 1584 quibusdam

258 1643 260 1646 >
305 1606 399 1674 licitis
423 1606 593 1686 abstinere,
617 1613 654 1674 ut
676 1625 694 1672 a
718 1623 824 1685 carne
848 1606 932 1684 vino,
956 1604 1048 1686 lacte,
1064 1603 1206 1690 piscibus
1221 1599 1268 1669 rel

306 1710 490 1798 pulmentis,
514 1711 569 1779 sed
593 1710 746 1795 asperiori
774 1710 859 1777 rictu
883 1717 1067 1777 oooteotum
1092 1725 1172 1788 esse,
1189 1705 1268 1775 scili·

306 1826 356 1885 cet
379 1835 460 1903 pane
483 1817 557 1885 rudi
582 1824 613 1883 et
637 1817 801 1903 pulmento
825 1834 887 1883 nou
919 1816 1056 1898 condito,
1091 1816 1144 1883 vel
1177 1828 1267 1898 saepe

305 1924 448 1992 ieiunare
473 1932 505 1992 et
527 1943 547 1991 a
570 1923 812 1992 delectabilibus
835 1923 997 1990 abstinere
1019 1930 1052 1990 et
1071 1939 1154 2009 quae
1169 1920 1267 2006 magis

307 2038 514 2116 appetuntur,
537 2036 574 2097 ut
598 2029 743 2115 Religiosi
768 2036 799 2096 el
822 2028 927 2096 devoti
952 2036 984 2095 et
999 2028 1214 2113 poenitentes3
1229 2023 1267 2094 ad

306 2135 463 2203 llomeuos
477 2136 505 2202 ¹:
530 2137 662 2202 Bonum
686 2143 733 2202 cst
754 2154 822 2202 ooo
856 2134 1024 2202 comedere
1057 2153 1208 2212 carnem,
1239 2137 1267 2198 et

304 2262 371 2310 ooo
396 2242 502 2311 bibere
517 2244 633 2310 uiuum
650 2251 710 2310 eto.
723 2267 732 2325 ;
747 2244 831 2311 siout
845 2242 995 2310 Nazaraei
1012 2249 1044 2310 el
1059 2242 1117 2310 lilii
1135 2238 1264 2310 llechab.

394 2350 520 2418 Tertius
544 2351 664 2436 gradus
681 2357 728 2418 est
744 2351 789 2418 sic
805 2350 968 2418 domuisse
984 2350 1093 2436 gulam
1110 2357 1143 2418 et
1159 2350 1203 2418 sic
1218 2346 1266 2414 do·

305 2456 409 2525 coisse
428 2457 582 2543 palatum,
598 2467 635 2525 ut
650 2457 726 2525 solis
750 2458 791 2524 sit
813 2465 991 2538 contentus,
1007 2475 1091 2543 quae
1107 2464 1265 2525 extremae

305 2561 464 2631 sufficiant
485 2562 665 2631 necessitati
682 2563 882 2649 inqualitate
906 2571 937 2632 et
960 2563 1138 2650 quantitate
1154 2563 1214 2632 cibi
1234 2565 1264 2627 el

304 2677 409 2755 potus,
426 2677 472 2749 ut,
488 2689 552 2756 quo
569 2670 742 2756 simplicior
760 2671 873 2751 victus,
889 2687 927 2738 eo
943 2671 1045 2755 magis
1061 2669 1184 2756 diligat,
1198 2663 1265 2737 etsi

305 2775 440 2843 delicata
456 2793 584 2844 sumere
596 2776 769 2862 aliquando
785 2783 939 2862 oporteat,
952 2794 1014 2843 oon
1027 2776 1261 2844 delectationem

306 2881 337 2948 iu
354 2881 410 2961 cic,
423 2881 479 2948 sed
492 2882 592 2949 solaro
609 2885 820 2950 necessariam
835 2883 1038 2950 relectionem
1056 2877 1265 2970 requirat;ad
1358 2939 1359 2966 p

306 2988 462 3055 Romanos
475 2988 504 3054 ⁸:
525 2988 648 3056 Curetis
663 3007 785 3056 curem
802 3008 843 3056 ue
856 2986 1005 3075 feceritis
1021 2989 1057 3056 ie
1081 2985 1263 3056 clocideriic.
1358 3011 1359 3018 ¹

377 3179 387 3213 ¹
408 3183 483 3237 Vere.
504 3185 547 3238 lo.

376 3269 465 3338 ¹Cep.
479 3271 520 3338 ll,
533 3275 561 3326 ul
573 3289 580 3339 ;
591 3272 688 3326 deinde
701 3273 825 3328 alluditur
838 3273 873 3325 ed
885 3272 962 3326 llum.
976 3273 1001 3340 6,
1014 3257 1040 3326 3'.
1052 3287 1109 3342 seq.
1125 3283 1152 3327 el
1164 3273 1211 3328 ler.
1223 3269 1261 3334 ³5,
1358 3313 1359 3316 ,

307 3359 332 3412 6.
345 3385 381 3400 -
395 3362 452 3416 Vct.
471 3368 497 3415 et
514 3361 557 3415 ed.
578 3363 588 3413 l
612 3361 713 3415 addunt
730 3361 829 3417 Daniel
842 3361 896 3430 (lo,
915 3361 966 3431 3.):
980 3361 1051 3418 (loro
1063 3364 1090 3416 el
1101 3360 1197 3418 uinum
1215 3369 1262 3416 con

305 3446 471 3504 introierunt
488 3447 517 3504 io
535 3461 566 3506 os
584 3463 685 3504 mum.

378 3534 472 3605 ’Cap
492 3539 535 3606 lu,
555 3538 599 3593 lt.
