2792 4318
315 239 381 304 lud
657 256 746 306 uinun
772 257 947 308 succubus.

316 368 352 428 ut
376 368 504 447 appetat
520 379 567 441 ea,
590 363 620 428 in
646 363 764 448 quibus
787 365 978 432 sensualitas
994 365 1178 446 delectatur,
1193 385 1266 453 qnae

317 476 391 535 sunt
414 468 681 554 concupiscentie
697 468 815 536 cornis
838 477 867 536 et
883 472 1148 558 enrtetcpieceutt'o
1170 473 1266 540 oculo

316 577 428 640 romi
452 575 713 660 Concupiscentia
748 577 865 643 coreis
897 577 1048 646 diffundit
1070 597 1104 646 se
1132 581 1160 646 in
1185 580 1267 647 inxu-

317 680 397 747 riam
433 686 464 747 et
495 681 659 749 mollitiem
696 682 832 750 vestium
868 693 899 749 et
934 683 1073 771 quietem
1110 685 1209 752 carnis
1239 692 1266 751 et

317 787 570 868 somnolentiam,
587 807 669 875 qnae
681 791 787 856 omnia
799 797 943 875 spectant
958 791 999 858 ad
1016 809 1144 860 sensum
1160 797 1267 870 tactus3

317 895 403 976 item,
419 897 460 964 ad
477 896 596 982 gulam,
613 915 695 983 quae
718 905 766 964 est
790 897 957 964 delectatio
981 907 1111 984 gustus;
1128 901 1208 979 item,
1229 899 1265 966 ad

317 1002 453 1070 aliorum
486 1021 639 1072 sensuum
672 1004 907 1085 delectationes
932 1014 968 1073 ut
998 1007 1111 1074 audire
1143 1006 1267 1074 carnali·

316 1116 365 1176 ter
388 1109 577 1176 delectantia
609 1119 640 1177 et
670 1111 815 1178 odorare.
832 1149 883 1200 ·-
908 1111 1166 1197 Concupiscentia
1198 1131 1266 1180 vero

316 1214 491 1281 oculorum
514 1217 640 1301 quaerit
664 1217 772 1284 videre
797 1216 909 1303 pulcra
932 1226 963 1285 et
987 1219 1106 1286 babere
1129 1220 1264 1306 pretiosa,

315 1330 346 1388 et
372 1322 413 1388 ita
437 1329 607 1407 generatur
623 1322 756 1389 avaritia
773 1341 814 1390 ex
831 1323 980 1391 omnibus
1003 1325 1081 1393 istis.
1098 1361 1139 1375 -
1156 1326 1199 1392 Ex
1219 1344 1266 1391 su·

311 1427 432 1514 perbio
454 1427 542 1494 vitoe
566 1436 736 1513 generatur
760 1429 904 1510 avaritia,
921 1430 996 1516 qnia
1019 1432 1058 1498 ad
1078 1433 1135 1499 boc
1151 1433 1264 1518 quaerit

316 1535 421 1614 ditari,
433 1543 470 1602 ut
482 1535 621 1620 amplius
635 1535 820 1603 honoretur.
829 1573 873 1584 -
886 1537 932 1603 Ex
945 1539 1194 1623 concupiscentia
1206 1556 1266 1606 oar-

315 1642 365 1709 nis
389 1649 560 1726 generatur
594 1641 738 1722 avaritia,
763 1643 838 1728 quia
861 1643 901 1710 ad
938 1643 997 1711 boc
1022 1644 1092 1711 vult
1114 1645 1213 1725 ditari,
1234 1651 1265 1713 nt

315 1747 540 1831 voluptuosius
563 1748 722 1833 epuletur,
748 1748 933 1816 luxurietur
954 1758 985 1816 et
1008 1751 1202 1819 commodius
1223 1750 1266 1814 ri-

315 1862 369 1920 vat
392 1854 514 1940 absque
538 1853 752 1922 sollicitudine
776 1854 938 1936 detectum
953 1857 1077 1942 primae
1093 1856 1266 1924 loannisse

316 1960 421 2028 cundo
434 1961 461 2026 ²:
489 1960 602 2039 θηιηε,
618 1961 707 2049 quod
721 1969 769 2027 est
791 1961 827 2027 t’u
851 1963 989 2042 mundo,
1010 1962 1265 2052 conrupiscentio

315 2066 432 2133 curuis
455 2075 501 2133 est
524 2076 555 2132 et
576 2067 844 2153 concupiscentie
868 2057 1043 2136 oculorum
1066 2080 1097 2138 et
1117 2067 1264 2157 superbio

314 2173 411 2240 vitoe.
428 2211 472 2222 -
494 2174 539 2240 Ex
563 2174 817 2258 eoncupiscentia
840 2175 936 2241 etiam
961 2177 1128 2244 oculorum
1144 2175 1265 2244 avaritia

315 2287 496 2366 generatur,
520 2281 605 2366 qnia,
629 2289 665 2347 ut
689 2280 794 2348 videat
818 2281 930 2366 pulcra
954 2291 985 2350 et
1009 2283 1125 2352 babeat
1146 2283 1184 2351 ad
1207 2280 1265 2349 libi·

315 2395 394 2467 tnm‚
419 2386 450 2454 in
475 2388 593 2473 quibus
615 2388 803 2468 oblectetur,
827 2389 989 2457 desiderat
1012 2408 1142 2471 aurum,
1164 2405 1265 2475 argen-

314 2500 395 2573 tum,
418 2512 571 2579 gemmas,
595 2502 709 2574 vestes,
732 2512 837 2580 agros,
861 2503 975 2577 terras,
998 2496 1146 2578 familias,
1161 2501 1265 2584 specta·

315 2600 387 2668 cula
411 2610 442 2668 et
466 2601 592 2669 similia.

405 2710 435 2774 l.
462 2708 599 2774 Dederat
621 2714 726 2775 tamen
752 2709 838 2776 Dens
861 2709 981 2776 homini
1006 2728 1126 2796 corpus
1149 2715 1265 2796 propter

314 2814 463 2900 spiritum
490 2815 675 2881 rationalem
700 2825 731 2882 et
754 2823 955 2883 concesserat
970 2816 998 2882 ei
1016 2817 1165 2884 delectari
1182 2815 1266 2883 etiam

314 2923 345 2989 in
369 2922 584 3002 sensibilibus
607 2923 662 2990 sed
688 2923 833 2990 ordinate
856 2929 889 2990 et
904 2923 1069 2991 moderate
1085 2931 1117 2992 et
1138 2925 1266 3000 boneste,

314 3035 350 3095 ut
374 3046 431 3114 per
455 3046 608 3095 sensnum
633 3029 874 3097 delectationem
899 3048 1030 3098 sursum
1048 3032 1267 3099 moveretnret

314 3144 558 3224 promoveretur
582 3137 623 3204 ad
659 3137 873 3223 spiritualium
898 3138 1123 3224 cognitionem,
1146 3138 1267 3208 delecta·

313 3244 431 3311 tionem
456 3251 486 3311 et
510 3243 711 3325 fruitionem
736 3254 773 3312 ut
806 3251 970 3333 appeteret
1002 3246 1121 3314 coitum
1146 3246 1266 3313 honeste

313 3357 345 3417 et
367 3349 435 3418 sine
469 3350 583 3418 vitiosa
614 3350 757 3432 libidine,
780 3370 922 3438 congruo
953 3359 1098 3439 tempore
1121 3353 1161 3421 ad
1184 3365 1265 3438 gene·

385 3575 433 3632 ιΙ.
450 3580 521 3634 loen.
543 3583 567 3648 2,
590 3582 630 3636 to.
864 3579 971 3636 'Vens
995 3583 1037 3636 lb.
