2808 4318
249 307 252 314 ¹
297 221 363 288 228
619 253 622 258 ·
655 239 744 286 sinna
767 235 905 287 nunnus

298 361 387 422 curn,
411 342 528 409 deinde
547 341 682 428 plenum
706 339 916 430 frumentum
940 341 977 408 in
1010 341 1116 428 spica.
1148 340 1266 410 Herba

298 457 348 519 est
381 450 507 517 initium
539 449 679 531 virtutis,
713 449 810 536 epioe
844 449 1016 535 proiectus,
1050 446 1265 537 [iuuentam

297 557 392 644 plena
415 555 576 642 perfectio.

388 665 418 729 8.
445 662 581 730 Caritas
605 663 676 742 Det,
701 668 804 730 mater
826 669 858 729 et
880 663 992 729 nutrix
1023 663 1169 730 omnium
1202 664 1267 731 vir-

298 775 416 849 tutum,
441 775 507 835 tres
530 769 626 838 hahet
641 769 778 854 gradus:
797 768 954 848 infimum,
971 769 1113 836 medium
1130 778 1162 836 et
1178 789 1266 836 sum·

300 893 408 956 mum3
432 875 477 943 sic
500 882 532 942 et
555 876 635 943 aliae
660 876 795 944 virtutes
811 893 868 961 per
891 876 1052 961 singulam
1080 893 1137 944 nec
1159 876 1267 944 innon

300 982 430 1050 veniens
454 982 623 1050 distinctio.
648 983 679 1048 Si
703 983 787 1050 enim
811 981 963 1050 caelestes
978 982 1189 1062 hierarchiae,
1205 983 1294 1051 dn-·

298 1097 388 1158 cente
404 1089 497 1157 beatn
514 1089 662 1176 Dionysio
681 1089 702 1169 ¹,
726 1089 869 1174 singulae
893 1089 924 1156 in
942 1095 1049 1156 ternas
1065 1089 1265 1158 differentias

298 1196 544 1282 distinguuntur
553 1220 562 1275 ;
586 1213 645 1262 cur
668 1215 730 1262 nnn
754 1195 849 1263 etiam
886 1194 1069 1282 spirituales
1104 1198 1263 1264 virtutum

298 1305 497 1372 hierarchiae
513 1304 650 1372 eundem
667 1303 813 1372 ordinem
829 1303 860 1368 in
875 1305 970 1370 terris
985 1305 1161 1383 imitentur,
1174 1322 1266 1390 prae

300 1411 410 1480 sertim
434 1427 508 1478 cum
532 1410 680 1478 caelestis
702 1409 928 1496 pulcritudinis
952 1410 1119 1496 exemplar
1135 1410 1176 1478 ad
1202 1411 1265 1478 hoc

300 1516 392 1584 nohis
415 1517 547 1585 caelitus
571 1516 713 1585 delatum
738 1517 789 1596 sit,
806 1525 841 1583 ut
857 1535 916 1602 pro
933 1517 1056 1584 viribus
1072 1516 1265 1584 studeamus

299 1623 433 1690 Domino
455 1623 488 1690 in
504 1624 595 1691 nohis
611 1625 830 1691 sanctuarium
848 1623 961 1702 facere,
977 1631 1013 1690 ut
1029 1622 1064 1690 in
1080 1623 1190 1690 medin
1206 1643 1265 1690 ue-

297 1728 365 1796 strt'
395 1727 574 1796 hahitare²
608 1731 769 1814 dignetur,
802 1729 986 1796 seeundum
1019 1729 1192 1816 exemplar
1226 1730 1266 1796 in

299 1843 406 1902 utente
430 1835 556 1903 caelesti
583 1837 673 1902 nnhis
703 1834 992 1903 demonstratum?
1016 1837 1129 1904 Utrum
1154 1843 1264 1904 autem

299 1942 354 2028 qul
379 1942 408 2008 in
433 1943 538 2028 primo
561 1944 665 2027 gradu
687 1942 779 2028 quasi
804 1942 836 2008 in
867 1941 977 2008 infima
992 1942 1153 2010 uirtutum
1177 1943 1266 2010 hier-

298 2049 408 2116 archia
432 2049 483 2117 hic
507 2057 600 2128 stant,
624 2049 662 2116 ad
697 2048 838 2116 infimam
867 2049 898 2114 in
931 2050 1018 2116 caelo
1045 2050 1264 2118 hierarchiam

298 2156 487 2242 pertineant,
510 2164 542 2223 et
565 2157 618 2243 qui
644 2157 674 2222 in
701 2155 806 2224 media
828 2155 868 2222 ad
895 2156 1032 2223 mediam
1054 2156 1086 2222 in
1109 2159 1210 2238 caelo,
1232 2167 1267 2226 et

299 2263 353 2348 qui
379 2264 410 2330 in
434 2281 561 2330 summa
591 2263 633 2331 ad
665 2281 824 2330 summam
860 2262 890 2330 in
923 2263 1010 2332 caelo
1044 2263 1264 2334 hierarchiam

300 2370 495 2455 pertineant3
519 2389 593 2438 cum
626 2370 711 2450 illuc,
736 2370 869 2438 Dnmino
899 2370 1105 2456 perducente,
1139 2373 1264 2440 veneri·

299 2494 383 2556 mus,
410 2493 627 2562 agnoscemus.
661 2477 855 2544 haberemus
886 2484 1008 2544 mutum
1042 2476 1093 2544 hic
1124 2477 1267 2546 fideliler

299 2585 339 2652 de
361 2583 484 2650 uirtute
499 2583 535 2650 tlt
550 2584 707 2650 virtutem
723 2583 855 2650 eundo·
878 2583 1046 2670 preficere,
1068 2584 1160 2666 certi,
1178 2585 1265 2672 quod

300 2707 502 2777 nequaquam
527 2689 658 2757 inferior
681 2690 742 2758 erit
758 2689 926 2758 retributio
942 2690 1062 2775 gloriae
1083 2692 1266 2777 proportio-

300 2805 374 2864 nata
391 2797 577 2866 meritorum
597 2813 783 2878 mensurae;
800 2798 901 2866 lucae
917 2799 1048 2865 sextol:
1066 2797 1265 2866 Melani-cm

304 2903 424 2972 honum
446 2913 476 2972 et
498 2902 684 2992 consertum
704 2914 763 2974 etc.
796 2904 921 2972 Eadem
944 2904 1065 2992 quippe
1087 2923 1264 2984 mensure,

300 3033 367 3102 qun
390 3013 498 3080 mensi
518 3011 667 3102 fueritis,
687 3012 878 3080 remetietur
895 3011 995 3080 noth.
1013 3012 1164 3080 Eiusdem
1180 3031 1269 3081 men·

300 3137 395 3189 surae
419 3121 534 3207 hydria
558 3120 742 3206 implebitur
767 3120 821 3187 tihi
846 3119 922 3187 vino
944 3119 1065 3206 gloriae
1087 3119 1120 3186 in
1144 3120 1270 3206 nuptiis

372 3299 380 3334 ¹
400 3299 437 3352 lle
457 3298 565 3353 Caelesti
585 3299 743 3365 lllerarchla,
762 3312 785 3352 c.
804 3299 830 3351 6.
848 3303 874 3350 et
894 3299 936 3352 lt.

373 3386 384 3419 ¹
403 3389 484 3443 Exod.
503 3390 546 3453 25,
566 3390 597 3455 8;
618 3390 736 3456 sequitur
753 3387 833 3442 llebr.
852 3389 879 3456 8,
901 3387 926 3442 5.

372 3477 383 3510 ⁸
402 3479 445 3532 Ps.
463 3480 506 3546 88,
526 3480 552 3532 8.

371 3564 383 3600 ⁴
401 3569 477 3622 Vens.
496 3569 543 3634 383
564 3581 613 3634 pro
631 3565 802 3636 sequentibus
821 3567 869 3620 cir.
888 3568 958 3620 loun.
978 3567 1003 3630 2,
1023 3565 1049 3619 6.
1067 3579 1143 3634 seqq.
