2776 4316
315 220 379 288 316
669 240 758 287 mnan
783 239 921 288 nunnius.

315 343 446 410 tontum
471 343 536 424 Dei,
552 343 609 430 quii
637 345 719 410 hane
744 344 901 412 malorum
926 361 1062 432 poenam
1085 345 1213 411 ordinat
1233 342 1268 409 ad

316 449 484 518 Beatmnm
510 450 672 531 laetitiam,
696 452 782 537 quud
807 452 882 518 talia
900 469 956 537 ner
974 451 1028 519 Dei
1049 451 1184 537 gratiam
1208 465 1273 516 eta·

314 565 436 624 serunt.
459 557 501 623 lta
525 565 632 624 antem
657 565 750 623 ornat
783 557 840 624 Dei
875 558 1028 626 iustitiam
1066 555 1271 644 reproborum
1354 555 1355 626 l

316 661 487 742 damnatio,
504 663 586 732 sieut
609 663 679 730 eius
704 663 874 732 bonitatem
898 664 1069 732 matorum
1091 662 1235 732 salvatio.

407 770 437 836 9.
461 770 595 836 Sextum
619 787 701 856 opus
724 770 780 838 Del
811 779 860 838 est
891 769 1007 857 gloria
1030 769 1224 846 Remorum,
1248 767 1274 832 in

315 894 382 962 quo
406 876 558 944 laudatur
581 876 651 942 eius
687 876 776 961 larga
809 885 842 944 et
865 875 1016 944 muniliea
1039 873 1276 948 remuneratio,

318 1001 382 1068 qua
406 1001 464 1069 pru
489 1001 589 1070 parvo
612 993 645 1051 et
668 983 757 1051 brevi
784 984 897 1052 merito
926 991 1091 1051 aeternam
1115 990 1147 1048 et
1172 979 1276 1047 laeda·

319 1088 414 1156 bilem
440 1090 562 1156 Sanctis
596 1091 652 1156 dat
683 1090 715 1155 in
749 1089 837 1158 eaelo
860 1089 994 1174 glutiam
1019 1096 1051 1154 et
1076 1087 1227 1154 laetitiam
1249 1091 1278 1150 et

319 1196 516 1275 felicitatem3
540 1204 572 1263 et
593 1197 709 1264 omniu
738 1197 783 1264 eis
810 1193 1000 1263 ordinatim
1029 1193 1149 1262 donum
1167 1194 1190 1270 ¹,
1219 1199 1276 1257 tam

208 1369 212 1376 .
320 1302 403 1370 bona
425 1321 522 1389 quam
547 1304 630 1371 mala
654 1311 686 1370 et
710 1303 838 1389 propria
861 1311 894 1370 et
916 1303 1030 1379 aliena,
1047 1309 1078 1368 et
1098 1319 1161 1368 nen
1178 1298 1277 1365 solum

321 1407 404 1476 mala
429 1426 565 1494 poenae·
582 1409 638 1476 sed
670 1410 766 1476 etiam
799 1409 882 1476 mala
906 1407 1032 1495 eulpae,
1055 1413 1092 1475 ut
1114 1408 1155 1474 de
1192 1402 1278 1470 bunia

319 1501 460 1602 propriis
493 1516 672 1601 glorientur
705 1524 738 1582 et
760 1515 801 1582 de
831 1513 945 1584 alienis
967 1513 1200 1600 congaudendo
1229 1510 1279 1578 de

320 1622 486 1690 leetentur.
521 1622 567 1688 lie
589 1622 689 1690 mutia
717 1623 856 1710 pitantiis
889 1622 1041 1708 gaudent,
1064 1621 1149 1709 qnod
1174 1633 1278 1688 evase·

322 1737 408 1808 runt,
429 1729 469 1794 de
492 1729 614 1808 alienis,
645 1730 732 1816 quod
762 1729 878 1796 similia
902 1748 964 1795 uon
989 1729 1189 1806 inciderunt;
1211 1739 1278 1810 gau-

322 1836 397 1904 dent
432 1836 472 1903 de
505 1837 650 1922 propriu
683 1835 853 1924 felicitate,
887 1853 972 1922 quae
1011 1843 1061 1904 eat
1094 1832 1278 1920 multiplum

323 1943 463 2028 gaudent
497 1944 537 2010 de
568 1944 718 2010 ommium
750 1944 927 2011 electorum
948 1943 1075 2029 gloria,
1103 1950 1167 2008 tam
1205 1935 1276 2006 mul·

323 2051 482 2136 tipltciter,
505 2069 602 2137 quam
628 2051 797 2137 multiplex
821 2060 870 2118 est
896 2053 1040 2118 omnium
1070 2049 1166 2116 simul
1183 2045 1276 2133 gloria

325 2159 444 2224 tamin
470 2175 606 2224 numero
628 2175 725 2244 quam
749 2159 781 2224 ln
807 2157 1035 2244 magnitudine,
1062 2165 1095 2223 et
1121 2155 1162 2221 de
1189 2149 1278 2240 quoli-

326 2264 379 2332 ltet
401 2267 484 2333 slent
505 2267 546 2332 de
580 2283 614 2332 se
649 2265 800 2351 gaudent,
823 2265 900 2352 quia
923 2272 1047 2341 tantum
1083 2262 1222 2346 diligunt
1251 2255 1280 2322 il·

325 2372 392 2438 lum
417 2372 546 2453 habere,
570 2372 625 2458 qni
650 2373 756 2452 habet,
780 2373 864 2459 qttod
883 2371 1004 2440 nollent
1019 2387 1089 2438 eam
1107 2369 1235 2446 habere,
1248 2369 1279 2429 ut

324 2478 405 2546 alter
429 2486 551 2548 careret
574 2497 622 2546 ea.
646 2513 691 2526 -·
714 2479 775 2546 Sed
799 2479 975 2567 degloriet
997 2477 1060 2545 Dei
1093 2484 1182 2543 tantu
1215 2471 1280 2560 plus

325 2603 423 2673 super
439 2603 565 2652 omnem
582 2593 614 2653 et
629 2603 720 2652 suam
738 2593 769 2654 et
781 2587 969 2654 Sanctorum
986 2585 1121 2671 gloriam
1138 2581 1279 2670 gannit

325 2699 445 2780 quanto
468 2693 542 2780 plus
568 2694 667 2762 [leiim
692 2693 829 2781 diligunt
852 2711 951 2780 supra
974 2709 1009 2760 sa
1025 2692 1112 2776 ipsus
1134 2697 1168 2757 et
1191 2697 1279 2772 supra

326 2817 439 2896 omnes
472 2801 569 2880 ali0s;
601 2802 742 2868 maxime
769 2817 843 2869 enm
879 2801 979 2887 gloria
1010 2798 1066 2866 Del
1091 2797 1217 2864 infinita
1237 2791 1280 2868 sit,

252 2977 255 2984 ,
327 2917 358 2976 et
382 2907 453 2976 ideo
476 2926 575 2996 supra
609 2925 736 2976 oannem
770 2923 952 2976 mensuram
985 2906 1099 2974 debeat
1122 2920 1194 2972 esse
1217 2915 1280 2989 gau·

328 3015 417 3082 dium
443 3017 483 3084 de
506 3016 709 3102 glutiamus,
734 3015 807 3084 lieet
834 3022 984 3082 ereatura
1007 3029 1068 3080 non
1094 3009 1200 3078 valeat
1224 3003 1281 3076 int

327 3123 393 3188 nite
416 3122 549 3208 diligam
573 3132 605 3190 et
634 3123 784 3210 gaudere.
809 3121 921 3188 -ld
946 3121 1025 3188 haee
1047 3119 1185 3206 quisque
1214 3129 1281 3202 gau·

329 3234 393 3313 det,
416 3252 451 3298 ae
473 3231 572 3318 diligi
593 3230 636 3298 ab
660 3229 825 3309 manitus,
850 3229 932 3297 sieut
959 3228 1097 3312 diligunt
1123 3241 1159 3291 se
1187 3223 1282 3312 ipsust

330 3342 463 3428 insuper
486 3319 614 3428 gaudet,
645 3358 680 3405 se
711 3337 809 3424 diligi
829 3355 853 3404 a
889 3336 955 3402 lieo
980 3334 1053 3422 plns
1077 3327 1283 3400 inaestimali·

330 3449 402 3518 liter
426 3465 523 3536 quiam
547 3466 565 3515 a
589 3466 623 3516 se
648 3447 734 3533 ips0;
758 3452 790 3512 et
812 3443 956 3512 omnium
980 3440 1098 3529 gaudia
1119 3438 1179 3507 siut
1217 3451 1282 3524 gau·
1337 3496 1345 3514 ,

402 3574 412 3608 ¹
432 3576 485 3632 cn.
504 3577 582 3635 Rom,
603 3575 628 3638 8,
647 3575 692 3627 28.
