2776 4316
845 159 865 194 0

330 219 396 286 att
683 237 770 284 eroon
794 235 933 283 ruurrus.

420 341 481 408 Sed
505 359 545 406 ne
569 340 663 406 nimis
688 340 767 406 latos
789 340 945 407 iaciamus
969 340 1123 407 terminos
1138 339 1278 407 sufficieu-

329 448 403 529 tiae,
435 448 611 526 sciendum,
644 448 728 533 qued
758 447 882 533 duplex
905 447 1179 515 estsulliclenlia:
1203 446 1279 514 indi·

327 556 459 642 peratiae
482 563 513 621 et
536 554 842 639 concupiscentiae,-
867 554 1069 641 iridipcntiac
1100 553 1215 621 suffieit
1235 573 1280 622 su·

330 669 469 730 stentare
493 668 651 739 naturam,
677 668 712 726 ut
736 661 834 745 possit
857 661 899 726 ad
922 659 1127 726 serviendum
1146 660 1209 726 lleo
1224 675 1282 744 per·

330 768 468 846 durare;
492 774 523 833 et
548 766 629 833 banc
653 765 875 833 sufficientiam
900 773 1015 833 natura
1031 767 1135 844 ducet,
1150 764 1282 832 sicutri
1350 787 1351 798 ¹

330 873 499 941 demusin
526 872 796 939 irrationabilibus
830 872 1033 952 animalibus,
1069 873 1165 940 inimo
1198 881 1230 940 et
1256 871 1281 936 in

330 979 457 1066 plantis,
481 997 564 1065 quae
587 988 732 1046 contenta
756 986 830 1046 sunt
854 979 992 1046 nutrirali
1017 979 1167 1046 alimento
1182 987 1213 1047 et
1227 997 1283 1044 aui·

331 1086 416 1172 plius
440 1103 501 1168 nun
528 1084 705 1169 requirunt.
730 1083 924 1151 Sulliuientia
940 1084 1223 1170 concupiscentiae
1237 1103 1282 1150 ex·

330 1193 414 1263 cedit
439 1209 634 1270 rnensuraru,
659 1190 775 1258 lirnites
799 1210 859 1258 non
884 1191 982 1258 habet
1006 1192 1065 1258 nisi
1096 1190 1283 1278 impossibili·

329 1301 413 1380 tatis,
438 1301 498 1365 buo
522 1299 625 1365 sulum
652 1298 812 1384 relinquit,
836 1300 923 1385 qrrod
947 1318 1009 1364 non
1026 1298 1280 1384 speratadipisri.

330 1406 424 1472 Dives
447 1424 565 1472 avarus
591 1407 620 1470 in
646 1405 813 1489 Evangelio
827 1407 846 1484 ¹,
870 1424 944 1473 euru
962 1405 1167 1472 uberioribus
1184 1405 1283 1472 tructi-

330 1513 391 1579 bus
415 1513 481 1597 agri
507 1531 541 1579 se
565 1513 698 1579 vidisset
721 1513 867 1594 ditatum,
892 1531 953 1579 nun
978 1512 1080 1580 dixit:
1105 1512 1194 1580 dives
1220 1529 1281 1578 suin

330 1629 361 1686 et
385 1619 524 1698 abirntlo,
549 1620 622 1705 plus
647 1638 707 1684 uun
732 1621 836 1704 cupio,
861 1621 936 1704 quia
960 1638 1022 1684 nun
1046 1619 1147 1704 capio,
1169 1619 1224 1686 sed
1239 1637 1282 1684 ru·

331 1727 441 1811 gitavit
465 1727 581 1792 horrea
613 1734 721 1792 vetera
755 1726 922 1792 destruere
957 1733 989 1791 et
1024 1726 1146 1790 maiora
1180 1724 1281 1790 lacere.

329 1833 433 1899 Priruu
458 1833 573 1899 borrea
597 1841 671 1899 suut
696 1832 797 1898 iustae
820 1832 1047 1910 necessitutis;
1082 1832 1159 1899 baec
1194 1845 1281 1916 parra

330 1948 404 2005 sunt
428 1947 459 2004 et
483 1941 590 2024 parvis
614 1939 805 2023 implentum
830 1939 884 2005 sed
910 1957 1028 2005 avarus
1055 1938 1134 2006 baec
1158 1935 1281 2006 destruit

329 2055 360 2112 et
383 2048 504 2112 maiora
529 2046 659 2126 leuitici
684 2052 732 2112 est
755 2045 871 2112 horrea
895 2045 1182 2131 concupiscentiae
1196 2052 1280 2110 etsu-

327 2150 542 2238 perpetraris,
567 2170 648 2238 quae
673 2170 836 2238 nunquam
863 2151 1037 2238 replentur,
1054 2153 1130 2237 quia
1149 2166 1278 2235 semper,
1353 2175 1354 2224 t

329 2277 402 2326 curn
428 2259 523 2343 plura
547 2259 665 2325 babere
689 2259 838 2343 coeperit,
868 2259 962 2324 eliani
999 2258 1157 2343 ampliora
1191 2258 1280 2324 lacere

329 2365 479 2450 disponit,
502 2365 542 2431 ad
567 2382 649 2449 quae
673 2383 735 2430 nun
753 2364 911 2431 sufficiant
929 2366 990 2430 iam
1009 2365 1127 2444 babila,
1146 2365 1202 2432 nisi
1216 2358 1280 2428 odii·

329 2471 391 2538 eiat
414 2473 520 2538 adbuc
545 2472 655 2556 plura3
674 2483 705 2538 et
729 2473 772 2538 sie
795 2472 981 2556 procederet
997 2472 1028 2536 in
1047 2471 1214 2539 inlinitum.
1229 2469 1280 2533 Cur

328 2579 416 2644 avari
441 2587 489 2644 est
512 2579 602 2664 quasi
627 2578 718 2644 lovea
743 2579 809 2644 sine
834 2578 932 2644 lirndo
953 2587 983 2645 et
1000 2596 1064 2664 quo
1081 2579 1155 2663 plus
1172 2575 1278 2661 recipit,

329 2675 402 2769 plus
426 2685 593 2763 cunsurnit,
619 2693 654 2751 ut
679 2703 840 2768 nunquani
865 2685 1010 2750 rideatur
1028 2684 1179 2769 impleta;
1196 2681 1280 2750 Ecrle

329 2791 440 2857 siastes
454 2789 484 2856 ²:
510 2792 649 2857 Avarus
672 2809 736 2856 nou
763 2789 953 2875 implebitur·
976 2789 1130 2874 pecunia.

420 2897 450 2963 3.
476 2898 602 2963 Tertius
626 2898 748 2983 gradus
772 2908 819 2963 est
842 2894 927 2962 nillil
950 2895 1028 2970 uelle
1055 2897 1225 2982 possidere
1251 2892 1279 2956 in

328 3005 455 3070 nariodo
481 3015 512 3071 et
528 3007 566 3074 ¹in
591 3005 740 3071 omuibus
769 3004 954 3070 necessariis
986 3003 1198 3089 multiplicent
1226 2997 1277 3086 pati

328 3113 495 3196 penuriam
521 3121 651 3198 propter
677 3113 786 3178 Deum.
805 3111 865 3177 lloc
881 3118 928 3176 est
945 3110 1202 3178 efficacissimum
1217 3123 1279 3174 rou

329 3227 378 3285 tra
401 3221 566 3285 avaritiam
593 3219 782 3296 remedium,
799 3235 881 3303 qliae
898 3219 981 3284 sieut
997 3217 1086 3303 ipuls
1102 3213 1278 3284 insaturabi

329 3325 367 3391 lis
379 3345 553 3414 nunquam
570 3325 668 3392 uicit:
687 3324 815 3412 Sufficit
829 3324 852 3400 ⁸,
869 3331 900 3390 et
913 3343 974 3389 nun
988 3324 1212 3410 exstinguetur
1228 3336 1280 3388 rue·

399 3467 409 3498 ²
430 3471 490 3522 Luc.
512 3471 554 3535 lb,
578 3469 619 3520 lb.
639 3483 714 3535 seqq.
875 3464 969 3534 *can
990 3469 1014 3522 5.
1035 3469 1060 3522 9.

400 3554 411 3584 ⁸
431 3557 506 3608 Prnv.
526 3557 569 3622 30,
590 3557 632 3609 tt.
