2742 4320
286 219 350 288 358
636 237 725 287 uranu
749 235 889 284 rannus.

281 343 498 425 contunditur,
521 352 557 411 ut
572 351 672 432 putet,
688 342 747 410 sibi
765 358 922 428 apparere
937 339 1058 427 aliquid
1079 341 1260 420 veraciter,

283 451 369 538 quod
395 451 631 537 phantasticum
656 455 758 517 estet
788 447 925 527 laisum;
950 447 1158 515 Ecclesiastici
1192 449 1261 516 tri-

282 557 403 643 gesimo
421 564 536 644 quarto
554 557 582 622 l:
607 555 702 623 Sicut
715 555 940 642 parturientia
956 573 1016 622 cor·
1032 561 1126 621 tuum
1141 551 1259 641 plean-

285 659 393 727 toat'oo
412 661 559 747 petitur,
582 680 624 727 tte
647 661 777 728 dederis
800 679 858 727 cor
882 668 979 727 taam
1003 660 1039 726 in
1063 659 1141 727 illis.

373 768 405 834 lt.
429 767 495 835 Alia
519 767 598 836 visio
621 774 671 836 est
693 765 935 845 intellectualis,
958 785 1024 853 qua
1047 766 1258 835 illuminatus

283 874 399 941 mentis
421 875 536 942 oculus
571 874 643 943 luce
667 875 809 942 veritatis
840 891 922 960 pure
944 875 1047 960 ipsam
1080 876 1256 942 veritatem

282 981 315 1048 in
340 998 374 1048 se
398 981 643 1067 contemplatur,
675 982 726 1049 vel
750 981 896 1066 inlelligit
927 981 958 1048 in
983 982 1104 1049 visione
1135 981 1257 1068 imagi-

281 1087 371 1154 naria
396 1087 572 1168 veritatem,
596 1105 678 1174 quae
703 1090 734 1154 in
759 1088 813 1154 illa
837 1086 1045 1175 significatur,
1069 1087 1152 1156 sicut
1168 1087 1256 1156 Pau·

284 1193 336 1262 lus
353 1193 376 1275 ¹,
391 1212 471 1262 cum
498 1202 610 1281 raptus
634 1195 666 1261 in
691 1195 888 1280 paradisum,
905 1194 956 1262 rel
977 1195 1156 1262 intertium
1181 1215 1256 1264 cac·

233 1341 235 1344 -
283 1299 363 1381 lum,
388 1300 467 1368 vidit
482 1301 654 1369 invisibilia
671 1311 702 1369 et
718 1301 841 1369 audivit
858 1301 956 1369 verba
973 1301 1156 1384 ineffabilia,
1171 1303 1254 1389 quia

282 1426 344 1475 non
369 1426 596 1493 corporearum
623 1426 733 1477 rerum
758 1408 922 1494 imagines,
946 1408 1003 1476 sed
1028 1409 1127 1495 ipsius
1164 1410 1254 1476 veri-

282 1514 356 1581 tatis
383 1514 587 1601 splendorem
620 1531 701 1600 pure
733 1514 868 1583 intuitus
899 1520 956 1582 est.
990 1515 1119 1582 loannes
1150 1515 1253 1582 etiam

282 1620 491 1706 Evangelista,
523 1620 597 1688 licet
631 1621 693 1689 sub
727 1621 840 1708 liguris
871 1638 1099 1708 corporearum
1135 1639 1252 1689 rerum

282 1725 443 1794 describat
465 1727 696 1812 Apocalypsim,
719 1727 864 1795 creditur
896 1735 1001 1794 tamen
1025 1745 1107 1814 pure
1140 1729 1253 1796 omnia

282 1830 401 1900 vidisse
424 1840 455 1898 ct
479 1831 685 1912 intellexisse,
709 1849 792 1918 quae
816 1830 859 1899 ibi
885 1831 1063 1919 figuraliter
1083 1832 1251 1913 describit,

283 1938 333 2006 vel
358 1947 489 2026 propter
512 1939 718 2024 capacitatem
743 1939 892 2018 aliorum,
916 1940 1035 2026 quibus
1064 1941 1131 2026 ipsa
1164 1959 1251 2026 pura

283 2045 401 2113 veritae
425 2063 502 2132 prae
526 2046 575 2112 sui
608 2045 778 2132 splendore
809 2045 1071 2132 imperceptibilis
1101 2045 1172 2127 luit,
1196 2047 1251 2114 vel

283 2153 386 2240 magis
417 2159 549 2240 propter
578 2153 804 2239 mysteriorum
837 2151 1039 2232 velationem,
1070 2171 1152 2239 quae
1185 2172 1250 2220 non

283 2259 401 2347 passim
426 2259 575 2326 omnibus
599 2259 796 2345 propalanda
812 2266 897 2340 sunt,
914 2268 950 2326 ut
973 2267 1189 2328 exerceantur
1204 2261 1251 2328 di·

286 2364 349 2450 gni,
373 2372 404 2431 et
427 2364 644 2432 excludantur
668 2363 788 2450 indigni
813 2382 832 2430 a
856 2372 1056 2432 sacratorum
1082 2367 1250 2450 mysterio

282 2488 356 2538 rum
387 2471 605 2556 intelligentia,
635 2472 718 2539 sicut
752 2477 784 2538 et
824 2470 1023 2556 reliquarum
1064 2479 1250 2540 sancmrum

283 2580 521 2665 scripturarum
547 2578 697 2664 mysteria
722 2577 900 2664 figurarum
930 2577 1141 2647 velaminibus
1174 2587 1251 2648 sunt

283 2692 402 2770 operto.
427 2685 489 2752 lloc
512 2685 711 2771 significabat
735 2685 841 2753 velum
866 2691 939 2755 ante
974 2685 1089 2755 Sancta
1119 2687 1250 2755 Sancto-

283 2809 357 2859 rum
379 2810 569 2877 oppausum,
594 2793 677 2859 intra
700 2793 786 2878 quod
812 2809 874 2858 non
898 2792 1015 2860 licebat
1036 2793 1165 2880 populo,
1190 2794 1248 2861 sed

270 2898 360 2980 ¹solis
376 2898 596 2966 sacerdotibus
614 2899 746 2966 introire
758 2899 779 2964 ³.
796 2895 948 2968 Similiter
960 2899 1183 2968 sanctuarium
1202 2899 1250 2966 in-

285 3005 428 3072 volutum
467 3006 497 3071 in
533 3005 726 3091 proiectione
762 3004 878 3074 Levitis
915 3007 1140 3092 imponebatur
1177 3023 1248 3093 por-

283 3112 428 3191 tandum,
458 3112 556 3199 quod,
587 3118 758 3199 antequam
791 3111 1018 3194 involveretur,
1042 3129 1104 3180 non
1133 3112 1247 3180 licebat

283 3218 354 3286 aliis
374 3236 470 3305 quam
495 3217 716 3287 sacerdotibus
731 3219 818 3286 nude
833 3219 1016 3305 contingere
1033 3221 1083 3286 vel
1102 3217 1245 3298 videret

283 3324 344 3392 boc
368 3323 565 3411 significante
589 3324 709 3412 Spiritu
734 3332 852 3406 sancto,
875 3325 961 3411 quod
986 3324 1145 3412 proluuda
1166 3325 1245 3394 Seri·

354 3463 364 3495 ²
385 3466 459 3520 Vera.
478 3467 505 3519 o.
836 3463 973 3522 ²1tcou
993 3467 1036 3534 ta,
1057 3466 1081 3520 l.

353 3550 365 3583 ⁸
384 3553 465 3607 Euod.
484 3553 527 3621 at,
547 3556 590 3608 21.
836 3553 946 3610 ‘llum
966 3553 991 3624 l,
1013 3554 1055 3610 lll.
