819 1202
223 127 243 139 ur:
255 127 276 139 vn
288 127 393 139 rnocussmus.
406 126 493 139 euocassns
505 127 524 139 vi.
581 123 611 139 921

133 153 193 170 suauis
204 155 227 169 est
239 153 328 170 universis.
340 153 370 174 Qui
388 155 435 170 sexta
452 153 478 170 die
496 153 567 175 duplices
583 158 614 170 non

133 180 193 201 colligit
205 180 248 197 cibos
260 180 327 201 septima
339 180 390 197 inanis
406 180 500 200 remanebit,
516 180 554 196 nihil
570 184 614 201 repe-

133 207 177 224 riens
189 207 208 223 de
220 207 304 223 dulcedine
316 207 459 228 contemplationis,
467 207 504 228 quia
512 207 539 228 qui
550 209 614 223 sextum

133 236 198 254 statum,
215 234 242 255 qui
255 236 279 250 est
297 234 311 250 in
327 234 404 250 virtutum
423 233 530 250 affectualium
543 233 614 253 sanitate,

132 260 205 277 nondum
217 260 292 282 attigerit,
304 260 366 281 septimi
383 262 434 277 status
446 260 535 280 dulcedine,
551 260 578 282 qui
590 262 615 277 est

133 287 148 304 in
161 287 247 308 sapientiae
256 289 305 308 gustu
312 288 328 304 et
336 287 448 308 intelligentiae
462 287 526 307 lumine,
535 291 565 303 non
573 287 614 304 frue-

132 316 164 331 tur.
177 314 214 330 lude
225 316 254 334 est,
266 314 308 335 qund
321 314 366 330 Iacob
375 314 379 322 ¹
393 314 440 335 prins
454 314 474 331 de
490 314 516 330 Lia
532 318 560 330 sex
573 313 614 330 filios

134 341 194 362 genuit,
206 342 264 362 etpost
276 341 315 357 haec
323 341 380 357 Rachel
393 341 455 362 peperit
467 341 480 357 ei
493 340 544 357 filiurn
553 341 613 362 loseph,

132 367 209 384 decorum
221 369 291 389 aspectu,
303 372 335 388 quo
347 369 389 387 nam,
400 368 453 389 coepit
465 367 510 384 Iacob
523 369 576 389 petere
592 367 614 383 di-

132 394 173 410 mitti
186 394 243 411 reverti
256 394 271 410 iu
284 394 351 415 patriam
364 398 416 413 suam.
428 394 465 415 quia
478 394 522 415 prius
534 394 549 410 in
561 394 612 410 activa

131 421 165 437 vita
182 421 229 437 debet
245 421 292 437 homo
310 420 389 442 perlectus
401 425 437 437 esse
449 421 464 437 in
483 425 511 437 sex
528 420 613 442 praedictis

130 447 232 469 profectuum
245 447 316 467 statibus,
329 449 344 464 et
362 449 404 467 tunc,
421 449 484 468 gustato
501 447 554 464 fructu
571 447 613 463 vitae

131 473 268 495 contemplativae,
280 473 334 495 cupiet
345 473 415 490 dissolvi
426 476 440 490 et
448 478 482 490 esse
490 478 527 490 cum
537 473 613 490 Christo'

131 500 146 517 in
160 500 211 521 patria
223 500 291 520 caelesti,
303 500 349 517 cuius
361 500 391 517 iam
405 500 484 522 primitias
492 500 507 517 in
520 504 576 522 sapore
588 504 613 516 su-

130 532 190 549 pernae
202 527 291 544 dulcedinis
303 527 401 548 praelibavit.

298 573 389 589 namnum
401 573 445 589 XXX.

191 617 276 638 Quomodo
287 617 357 634 virtutes
369 620 455 639 opponunt
465 622 482 634 se
493 620 554 639 septem

291 643 392 665 capitalibus
403 644 455 660 vitiis.

177 689 191 705 t.
203 688 233 705 Sed
245 688 283 709 quia
295 688 415 709 proficientibus
427 689 466 705 haec
478 688 546 705 for‘mula
558 688 611 705 scribi-

130 717 162 735 tur,
174 717 193 732 nt
205 715 260 735 sciant,
272 717 349 736 quantum
362 715 378 731 iu
390 715 457 736 siugulis
473 715 559 732 virtutibus
577 720 611 737 pro-

129 742 201 762 fecerint,
213 742 238 758 vel
250 744 327 763 qnantum
345 746 354 758 a
371 741 466 763 perfectione
484 746 540 759 earnm
556 741 609 758 adhuc

129 769 197 788 distent;
206 768 293 790 quamlibet
305 769 376 790 ipsarum
389 769 404 785 iu
418 771 450 785 tres
462 769 522 790 gradus
534 769 579 790 lunge
589 769 611 785 ln-

130 797 154 812 ter
166 800 183 812 se
195 795 286 812 differentes
298 795 403 812 describendo
416 795 538 817 distinguamus,
552 796 610 813 multos

130 822 192 839 medius
210 821 309 843 profectuum
328 826 384 843 passus
399 822 488 838 festinando
505 822 611 839 transilientes

129 850 194 870 propter
206 848 287 865 fastidium
300 848 409 865 devitaudum.

174 876 189 892 Ξ.
202 875 245 892 Ordo
257 877 317 896 septem
335 875 427 896 capitalium
445 875 518 892 vitiorum
535 875 560 892 hic
571 875 609 892 fuit:

128 902 200 924 primum
212 902 293 923 superbia,
305 901 372 918 initium
388 902 443 918 amuis
455 902 539 923 penmtz'³,
556 906 611 919 secun-

164 937 169 945 ¹
179 937 211 950 Gen.
221 937 242 953 3⁰,
254 937 264 950 n.
274 940 311 954 seqq.
407 936 413 944 ¹
423 937 455 950 nnn.
466 937 478 954 i,
488 937 509 950 za.

164 960 170 967 ¹
180 960 218 973 aceli⁴
228 960 249 975 ιο,
260 959 280 972 u⁴
