2776 4316
319 273 358 320 no
381 273 424 320 vn
448 271 659 321 nnocnssrsns.
684 271 856 321 onocossos
880 272 920 318 vr.
1036 255 1096 320 att

137 396 180 444 ex
204 377 364 444 desiderio
399 377 544 462 placendi
581 377 645 443 Deo
679 377 738 443 sibi
770 376 828 460 ipsi
854 375 1026 461 aliquando
1049 375 1102 442 ad-

138 502 232 552 versa
256 484 351 552 iniert
374 484 557 569 castigando
581 501 697 569 corpus
729 492 761 550 et
793 491 930 549 rnerrtern
958 499 1102 548 moerore

136 590 169 658 in
194 591 381 658 contritione
405 590 583 669 afficiendo,
602 609 660 658 cur
676 608 736 656 non
761 590 855 656 etiarn
881 589 1015 655 libenter
1037 587 1102 655 suf·

139 698 210 778 fert,
234 716 307 766 corn
332 699 373 766 ab
396 699 458 764 aiio
483 697 618 765 insertur
641 697 668 764 ei
694 697 817 764 occasio
842 696 991 782 patiendi,
1017 696 1103 762 unde

140 806 191 874 vei
215 824 334 891 corpus
369 805 532 890 affligitur,
549 791 604 871 ‘vei
642 805 769 871 animus
805 804 1004 884 humiliatur,
1028 821 1102 870 curn

141 914 271 980 maioris
305 913 346 979 sit
380 912 482 978 meriti
514 913 591 979 haec
627 912 689 996 pati
723 912 954 996 aequanimiter
977 910 1104 977 analio

141 1037 238 1105 qnam
263 1037 281 1084 a
305 1019 499 1101 semetipso?
524 1018 559 1084 Et
593 1017 647 1103 qni
684 1035 718 1083 se
744 1017 848 1102 ipsnrn
882 1017 976 1083 vitem
1001 1024 1032 1083 et
1057 1033 1104 1082 re·

142 1125 391 1212 prehensibiiem
428 1125 560 1203 indicat,
597 1144 655 1192 cnr
691 1143 753 1190 noo
790 1125 946 1211 patienter
980 1123 1106 1208 accinit,

114 1265 117 1272 ¹
143 1233 273 1320 quondo
296 1233 379 1300 atius
403 1233 486 1299 idem
512 1234 552 1300 de
574 1233 643 1316 ipso
667 1232 772 1311 sentit,
789 1249 862 1298 cuin
888 1230 1009 1298 nuiiins
1025 1230 1106 1296 indi-

143 1340 228 1407 cium
255 1348 318 1406 tam
345 1340 521 1406 timendum
546 1341 586 1407 sit
610 1340 726 1424 coique
745 1349 815 1423 nost
832 1339 930 1404 Deino
957 1339 1039 1403 sient
1055 1336 1105 1402 sui

139 1439 269 1532 ipsius?
293 1445 489 1513 Conscientia
513 1445 596 1512 enirn
621 1445 793 1512 cuiuslibet
817 1444 945 1529 gravior
961 1444 989 1509 ei
1014 1443 1044 1509 in
1063 1442 1106 1508 io-

143 1553 227 1620 dicio
251 1571 346 1640 qnam
371 1553 513 1619 omniurn
538 1545 674 1618 aliornrn
700 1553 761 1618 erit
784 1559 910 1636 praeter
935 1550 1047 1616 Deum.
1063 1585 1131 1606 -J

143 1657 220 1726 Hinc
243 1665 386 1742 apparet,
410 1675 505 1742 quain
538 1674 611 1723 rara
635 1665 682 1723 est
707 1655 809 1722 virtus
841 1654 989 1740 perfecta.
1024 1654 1107 1721 Vera

143 1765 229 1832 eninr
255 1765 419 1831 humilitas
442 1764 487 1829 sic
510 1764 628 1848 gaudet
651 1763 692 1830 ab
716 1763 778 1828 alio
801 1761 965 1828 humiliari
990 1761 1107 1827 sicuta

143 1889 188 1951 se,
212 1879 244 1937 et
267 1888 343 1938 vera
378 1871 527 1956 patientia
563 1871 606 1936 ita
641 1870 776 1935 libenter
800 1869 936 1935 sustinet
971 1867 1107 1935 adversa

142 1979 184 2044 ab
208 1977 279 2045 aliis
303 1978 389 2044 iliata
407 1979 495 2045 cient
518 1997 537 2043 a
561 1996 594 2044 se
612 1982 793 2061 procurata,
810 1984 967 2061 qnanturo
988 1981 1108 2060 spectat

143 2085 254 2152 adse.

478 2297 661 2364 Carrrnnnnr
686 2296 769 2362 XLii.

274 2512 319 2578 Dc
342 2510 525 2600 obedientior
549 2511 683 2598 etncqne
707 2507 986 2576 distinctionibus.

239 2726 268 2790 i.
293 2724 328 2790 Et
351 2726 426 2810 qnia
450 2723 633 2790 obedientia
656 2741 697 2790 ex
722 2723 853 2790 caritate
876 2729 907 2788 et
931 2720 1111 2786 humilitate

145 2839 175 2899 et
200 2831 351 2916 patientia
375 2831 527 2911 nascitur,
544 2831 584 2897 'de
608 2849 644 2896 ea
662 2829 781 2916 aliquid
800 2829 839 2895 ad
858 2827 1108 2895 aedificationem

146 2939 287 3006 breviter
313 2938 488 3015 videamus
513 2937 588 3022 qnia
623 2938 654 3002 in
690 2927 776 3002 ornoi
802 2935 962 3019 Religione
986 2951 1111 3000 somme

55 3037 58 3046 ’
148 3045 234 3112 utilis
258 3052 305 3112 est
329 3053 360 3111 et
385 3044 571 3110 necessaria.
607 3042 795 3110 Obedieotia
818 3051 866 3108 est
889 3040 1037 3126 propriae
1062 3058 1113 3106 vo·

148 3151 279 3220 inritatis
302 3151 457 3218 subiectio
481 3151 614 3218 arbitrio
638 3151 814 3235 superioris
831 3149 871 3214 ad
897 3147 981 3214 licita
1005 3155 1036 3214 et
1060 3147 1113 3212 ho·
1192 3127 1199 3138 ⁶

148 3267 246 3326 nesta.
272 3258 492 3326 Obedieodnro
527 3270 635 3326 antem
667 3267 715 3325 est
740 3257 797 3324 soii
823 3257 886 3322 Deo
912 3262 1112 3340 propterca,

146 3366 240 3434 cuins
263 3366 347 3432 servi
372 3383 486 3432 snmus
510 3366 648 3451 proprie,
673 3365 724 3432 vei
759 3370 927 3431 creaturae
963 3360 1113 3427 rationali

147 3473 216 3539 rice
241 3472 306 3552 Dei,
330 3472 447 3557 angelo
473 3472 521 3539 vei
548 3472 678 3550 homini,
702 3472 733 3536 in
758 3471 819 3549 his,
852 3486 933 3556 qnae
958 3468 1043 3536 Dens
1067 3485 1114 3534 re-

146 3578 247 3664 quirit
270 3597 289 3644 a
312 3579 414 3658 nobis,
438 3585 469 3646 et
492 3597 574 3665 qnae
598 3578 638 3644 ad
663 3578 764 3644 [tenni
791 3577 984 3644 conducunt.
