2776 4316
310 265 350 311 ou
374 265 417 311 vir
439 264 651 314 ruocussmus.
676 265 849 314 ruucnssus
872 266 914 313 vr.
1024 249 1085 315 991

117 369 318 438 solnm'uon
344 371 546 437 vinceremur
569 371 610 437 ab
635 372 712 457 ipsis
737 370 789 437 illa
813 372 892 450 vioe,
915 372 970 438 sed
996 372 1090 438 etiam

118 477 171 543 ita
195 475 450 557 debilitarentur,
474 478 560 564 quod
585 487 694 565 postea
719 479 823 544 rarius
851 478 1007 545 auderent
1033 495 1092 546 nos

120 583 300 670 impetere;
325 592 356 650 ot
379 584 404 650 si
430 586 630 671 impeterent,
646 586 738 653 laclle
759 586 974 665 vincerentur,
991 586 1092 652 donec

120 689 255 776 penitus
279 690 475 771 delerentur,
498 691 584 777 quod
612 692 663 757 vix
689 692 847 758 auderent
870 692 997 758 mutire.
1030 689 1091 758 Sed

123 797 235 884 tepide
259 797 445 874 reluctando
469 799 584 866 damus
608 799 654 866 eis
678 798 761 865 rires
777 806 808 865 et
824 816 939 865 arrsnm
962 798 1090 883 saepius

122 912 158 972 et
182 905 289 972 acrius
313 923 370 971 nos
386 905 535 990 deinceps
552 905 770 991 impugnandi.
787 905 955 972 Sciendum
975 915 1092 984 tamen,

125 1011 214 1096 qnod
238 1010 455 1090 adversarius,
472 1012 600 1097 quando
616 1011 739 1078 sortiter
756 1012 904 1090 vincitur,
920 1012 1093 1096 aliquando

126 1117 188 1185 din
211 1125 386 1204 exspectat,
410 1118 495 1203 quod
520 1119 560 1184 de
583 1118 695 1184 eodem
729 1119 804 1184 vitio
829 1137 889 1184 non
915 1117 1092 1204 impugnat,

127 1225 230 1291 donec
255 1225 370 1291 iterum
396 1226 572 1292 dissuescat
595 1226 692 1292 homo
716 1243 877 1310 pugnare3
895 1235 926 1292 et
943 1234 1018 1292 tunc
1035 1225 1093 1291 ite·

128 1331 202 1397 rum
227 1331 334 1398 subito
358 1333 551 1418 improvisus
574 1332 679 1412 irruit,
708 1340 742 1397 ut
779 1332 974 1418 improvidos
1007 1338 1093 1396 tanto

128 1438 276 1505 securius
299 1445 490 1524 prosternat,
513 1447 632 1524 quanto
648 1438 688 1504 ad
707 1439 950 1524 repugnandum
973 1435 1093 1503 invenit

130 1545 313 1630 imparatos.
339 1545 528 1631 Exemplum
554 1545 594 1612 de
619 1545 682 1624 illo,
706 1545 760 1631 qni
786 1563 883 1631 super
901 1545 1022 1611 hostem
1049 1545 1091 1610 ir-

129 1651 205 1729 ruit,
229 1651 358 1736 quandn
381 1651 443 1717 iam
468 1670 559 1717 arma
583 1651 730 1736 deposuit
753 1661 785 1718 et
809 1670 843 1718 se
865 1651 905 1718 ad
930 1651 1092 1736 quiescen-

128 1757 207 1824 dum
233 1756 420 1841 cornposnit,
439 1756 487 1822 vel
510 1757 674 1823 adiutores
698 1775 773 1824 snos
798 1765 869 1842 post
892 1757 1050 1842 proelium
1075 1773 1094 1822 a

129 1880 164 1929 se
187 1861 317 1939 dimisit,
341 1862 416 1947 quia
440 1862 634 1928 imminentis
658 1881 783 1948 pugnae
801 1863 1012 1948 suspicionem
1031 1880 1092 1929 non

128 1967 253 2035 hahuit.
278 1968 327 2034 Sic
353 1967 459 2036 hostes
482 1969 585 2035 luda¹
622 1969 740 2036 bellum
772 1970 1009 2037 constituerunt
1041 1989 1094 2056 po·

127 2075 206 2160 pulo
230 2074 281 2141 die
305 2075 427 2142 sabbati
452 2075 482 2142 iu
508 2077 614 2161 quiete
645 2085 677 2143 et
710 2077 784 2156 otio,
808 2085 839 2143 et
870 2078 912 2144 ita
938 2077 1095 2163 plurimos

126 2181 324 2249 occiderunt.
350 2183 481 2268 Semper
506 2200 582 2267 ergo
606 2183 707 2250 simus
731 2183 832 2269 parati
861 2183 1006 2251 hostilius
1023 2183 1094 2250 riri-

130 2287 203 2355 liter
227 2288 387 2369 resistere,
410 2290 486 2375 quia
517 2290 578 2378 ipsi
609 2309 672 2356 non
700 2291 869 2377 quiescunt
900 2309 957 2358 nos
991 2293 1095 2376 impu-

127 2412 239 2480 gnare,
256 2395 350 2462 etiam
369 2414 442 2463 cnm
461 2397 611 2463 videntur
627 2396 802 2482 quiescere,
818 2397 894 2482 quia
910 2397 970 2466 hoc
988 2397 1094 2484 ipsum

128 2521 263 2569 cessare
284 2503 325 2569 ab
348 2502 588 2589 impugnatione
612 2504 814 2592 improperare
839 2513 897 2584 est,
921 2504 1094 2591 quiaillud

127 2628 261 2676 cessare
293 2629 355 2676 tion
379 2611 565 2678 clementiae
597 2629 709 2678 eorum
736 2612 783 2678 rel
808 2612 1005 2679 lassitudinis
1036 2618 1095 2691 est,

127 2717 186 2784 sed
210 2717 347 2784 astutiae
371 2722 403 2784 et
435 2717 575 2797 fraudis;
612 2716 742 2785 secundi
781 2719 898 2785 Esdrae
932 2725 1047 2803 quarto
1065 2715 1094 2782 ¹:

131 2823 300 2890 Diaeraat
323 2820 430 2890 docter
453 2824 573 2902 nostri,
596 2824 747 2890 nesciant
767 2823 1096 2911 reciprocatorum

129 2930 306 2996 veniamus
330 2930 366 2996 r'a
397 2931 505 2997 medio
535 2949 653 2997 eoram
686 2939 715 2996 et
746 2928 991 3016 interficiamus
1022 2947 1111 3007 cos,·v
1200 2965 1203 2972 ·

131 3037 377 3104 Proverhiorum
402 3037 557 3122 vigesimo
588 3045 681 3105 sexto
698 3036 727 3102 ⁸:
753 3035 955 3124 intelligitur
986 3035 1096 3102 iuimi-

125 3163 203 3223 cas,
227 3163 304 3210 cura
328 3144 364 3210 in
387 3144 487 3211 corde
511 3143 708 3210 tractaverit
731 3141 831 3210 dolos.
858 3143 1000 3227 Qrcarrdo
1017 3142 1097 3209 aad·

129 3250 260 3317 misera
282 3269 392 3318 vocem
408 3269 521 3330 saara,
537 3268 556 3316 a
572 3252 773 3336 suggestione
793 3251 957 3330 cessando,
973 3269 1014 3316 ue
1030 3269 1098 3316 cre·

127 3356 259 3424 diderit
281 3357 323 3436 ci,
347 3357 507 3446 qooar'am
523 3365 643 3443 septem
666 3356 834 3446 aequitiae
849 3365 930 3423 saut
946 3356 981 3422 irc
998 3356 1100 3424 corde

127 3497 129 3502 ’
202 3495 251 3551 ¹·l.
270 3498 390 3552 Machab.
408 3500 434 3562 2,
453 3499 496 3552 38.
688 3497 795 3552 *Vera
818 3499 860 3552 ll.

203 3584 214 3617 ⁸
233 3588 310 3641 Vere.
329 3587 372 3641 dl.
391 3601 466 3656 seqq.
