2776 4316
317 243 357 289 oa
380 243 423 288 vrr
446 241 659 290 processuros
686 241 856 291 rsoaassos
879 241 920 288 vr.
1034 228 1098 292 279

130 346 226 424 Item,
261 348 308 412 od
341 346 580 414 sollicitudines
614 347 809 414 ntarndanns
844 348 1100 428 abscindendas,

129 457 213 540 quia
248 456 301 542 qui
327 455 460 521 modieis
483 463 650 522 contentus
672 463 721 522 est
756 455 879 522 modica
908 457 1004 522 babet
1031 475 1101 542 pro·

129 563 260 628 videre.
284 599 326 608 —
351 562 438 639 Item,
454 562 502 626 ad
516 561 702 626 multarunt
719 561 883 627 uirtutum
901 559 1101 628 debilitatio·

128 687 232 744 nerim
255 668 383 734 sobrius
406 668 489 734 enim
514 669 626 751 agilior
643 653 690 734 est
706 669 746 734 ad
764 669 894 748 bonum,
911 670 1027 735 castior
1042 677 1100 749 est,

130 775 245 840 minus
270 773 364 840 babet
388 773 549 847 inridendi
577 775 752 854 materiam,
785 775 884 859 magis
919 784 1033 842 cautus
1068 776 1100 842 in

130 879 257 964 lingua,
282 881 459 964 promptior
481 880 521 945 ad
547 880 745 946 devotionem
772 887 803 946 et
830 881 941 966 purior
966 883 997 947 in
1028 881 1101 948 atie·

129 993 201 1054 cta.
225 1024 270 1034 -
302 986 388 1065 item,
422 986 469 1052 acl
502 986 703 1071 sapientiam
740 987 988 1075 inquirendam,
1024 991 1100 1075 quia

130 1111 268 1161 sensum
294 1093 394 1177 magis
419 1086 544 1177 vigilem
562 1092 635 1159 facit
652 1099 683 1160 et
698 1093 848 1160 subtilem
865 1102 896 1160 et
914 1095 1100 1162 memoriam

128 1210 291 1284 tenacem.
317 1237 360 1249 -
383 1201 470 1279 item,
494 1200 541 1266 od
563 1200 711 1266 aliorsum
732 1200 1008 1286 aedificationem,
1024 1203 1101 1288 quia

130 1308 190 1393 qui
215 1307 378 1374 exteriora
401 1315 509 1373 nostra
545 1308 690 1373 ordinata
723 1308 830 1374 rident
862 1315 893 1374 et
923 1317 1101 1394 temperata

131 1414 320 1493 coniiciuut,
344 1413 421 1499 quid
446 1415 485 1479 de
510 1413 715 1480 interioribus
738 1415 915 1491 aestiment,
939 1432 1020 1499 quae
1037 1432 1099 1480 non

130 1520 256 1588 videat.
282 1521 383 1586 Minus
407 1520 501 1586 etiem
527 1538 640 1587 sumus
663 1521 709 1586 eis
733 1539 847 1607 graves
878 1520 918 1586 ad
950 1520 1101 1607 recipien-

133 1629 218 1696 dum
243 1627 284 1694 ad
306 1645 459 1702 mensam,
485 1627 636 1706 videntes,
669 1647 764 1713 quam
800 1628 931 1694 modicis
962 1629 1100 1695 contenti

130 1753 261 1814 sumus,
285 1742 316 1802 et
338 1735 424 1821 quod
449 1735 539 1801 facile
563 1742 696 1819 possunt
719 1735 811 1802 nobis
827 1734 1027 1813 satisfacere3
1044 1734 1099 1800 mi·

131 1859 198 1910 nus
223 1842 318 1908 etiarn
343 1840 413 1908 aliis
445 1841 599 1908 mendicis
630 1842 731 1908 nocivi
769 1859 891 1921 somus,
927 1840 1001 1926 quia
1036 1859 1100 1928 quo

130 1949 232 2035 plura
256 1947 504 2014 abdominibus
528 1947 676 2031 aetimare,
699 1964 736 2013 eo
762 1946 867 2012 minus
891 1947 961 2013 aliis
978 1947 1100 2014 mendi-

132 2056 181 2122 cis
205 2054 349 2121 dandum
373 2053 594 2140 relinquimus.
621 2055 656 2119 tr
680 2054 739 2120 boc
755 2062 803 2120 cst
819 2054 981 2138 quoddam
998 2071 1100 2139 genus

131 2163 278 2246 rapinae,
301 2160 387 2245 quod
411 2178 429 2226 a
454 2161 563 2245 paucis
586 2160 775 2238 advertitur,
792 2178 865 2227 cum
882 2161 999 2246 aliquis
1015 2160 1100 2229 altra

132 2265 356 2334 necessitatem
381 2283 489 2332 veram
514 2266 683 2346 mendicat,
707 2266 792 2332 unde
822 2266 903 2334 alter
933 2267 1033 2352 magis
1056 2267 1099 2333 iu·

133 2371 250 2456 digeris
265 2372 385 2456 patitur
398 2372 637 2449 detrimentum,
653 2372 729 2456 quia
747 2379 853 2456 postea
869 2373 1099 2459 superveniens

132 2496 198 2545 nou
216 2478 336 2544 invenit
352 2478 436 2564 qaod
455 2479 512 2544 iste
530 2479 737 2564 praeveniens
761 2480 946 2566 praeripuit.
963 2517 1008 2528 -
1024 2480 1099 2546 item

133 2585 222 2652 valet
237 2585 285 2650 ad
299 2585 456 2650 nimitum
470 2584 600 2671 plorioe
625 2593 688 2651 tam
711 2604 769 2671 pro
785 2604 819 2652 se
837 2587 904 2671 ipsa
920 2603 1015 2672 quam
1041 2603 1100 2670 pro

133 2690 311 2757 virtutibus
328 2690 386 2758 sibi
404 2691 566 2768 connexis,
583 2692 668 2776 quia,
685 2710 749 2776 quo
767 2692 866 2776 magis
884 2692 934 2759 bio
951 2691 1042 2759 uobis
1058 2692 1098 2759 de

133 2798 299 2883 voluptate
315 2797 420 2864 caruis
433 2798 568 2864 discrete
585 2798 814 2876 subtrahimus,
831 2817 869 2864 eo
885 2800 986 2883 magis
1001 2806 1032 2865 et
1048 2797 1100 2865 hic

134 2904 357 2990 spiritualibus
380 2912 411 2970 et
435 2904 498 2970 illio
529 2904 719 2971 caelestibus
742 2904 864 2971 deliciis
887 2904 1099 2972 abundamus.

455 3100 638 3167 Caetroton
664 3100 774 3167 xtvtt.

392 3261 437 3326 Dc
457 3260 625 3348 prolibus
647 3259 846 3328 sobrietatis.

229 3441 256 3504 i.
282 3439 406 3506 Primus
428 3438 618 3506 sobrietatis
634 3440 754 3524 gradus
777 3455 846 3505 esse
869 3444 972 3525 potest
995 3456 1101 3506 acra·

135 3546 212 3633 pola
236 3553 268 3614 et
291 3546 443 3614 ebrietate
467 3565 580 3614 cavere
604 3553 636 3614 et
659 3547 765 3614 debita
788 3553 932 3634 tempora
956 3553 987 3614 et
1002 3547 1101 3614 horas
