2776 4316
276 235 341 302 att
629 256 717 302 araon
741 255 880 303 ranrros

276 361 317 429 ad
342 362 461 428 malurn
485 378 555 428 eam
580 369 770 429 convertunt
804 362 940 430 favendo
964 364 1056 430 sociis
1079 363 1122 431 ad
1158 383 1246 452 quae

277 468 398 535 volunt.
421 505 466 516 -
489 461 688 554 Spiritnotis
718 468 845 537 dileetio
868 488 887 534 a
911 469 1032 556 Spiritu
1054 479 1166 538 saneto
1188 471 1248 539 de·

276 575 446 654 nominata,
470 592 488 640 a
512 593 576 660 qrro
598 573 679 654 fluit,
704 576 757 661 qui
782 594 872 642 amor
897 577 997 644 Patris
1019 586 1051 644 et
1075 577 1142 644 Filii
1167 578 1246 645 dici·

275 687 339 760 tnr,
363 690 410 748 est
434 681 498 762 illa,
522 699 603 768 qnae
629 683 799 749 mandatur
823 683 914 749 nobis
930 702 950 749 a
966 683 1110 763 Domino,
1129 693 1162 752 et
1179 703 1246 752 me-

276 787 385 855 ritoria
409 796 457 854 est
480 805 538 874 per
562 805 596 855 se
619 788 686 854 sola
709 797 741 855 et
763 789 844 856 duas
868 790 992 874 priores
1020 789 1117 857 efficit
1149 792 1246 858 meri·

276 895 384 974 lorias
408 896 537 981 qnando
560 895 601 962 ab
624 913 662 964 ea
685 903 852 981 reguntur,
878 897 910 965 id
934 905 982 964 est
1005 898 1184 965 naturalem
1211 907 1245 966 et

275 1001 434 1070 socialem.
469 1001 625 1088 Copidam
659 1011 766 1070 antem
804 1021 865 1070 non
901 1004 1037 1081 ordinat,
1072 1005 1128 1071 sed
1166 1005 1244 1072 tole-

274 1115 324 1173 rat
347 1116 378 1174 et
402 1114 569 1192 temperat,
591 1125 631 1175 ne
654 1109 799 1189 excedat,
823 1111 899 1196 quia
916 1109 1017 1196 magis
1032 1111 1159 1197 quaerit
1175 1112 1245 1179 nli·

275 1213 395 1280 litatem
419 1215 583 1299 propriam
607 1234 703 1302 qnam
728 1215 825 1296 illins,
849 1233 944 1301 quem
970 1216 1098 1284 videtur
1114 1234 1238 1284 amare.

274 1319 438 1387 Carnalem
475 1339 552 1389 vero
585 1322 653 1388 odit
686 1330 717 1388 et
738 1321 830 1406 fugit,
855 1322 905 1388 vel
939 1322 1028 1408 lugat
1063 1330 1094 1389 et
1129 1329 1241 1391 exter·

155 1466 157 1471 -
276 1427 384 1507 minat,
407 1445 465 1494 nee
501 1439 641 1514 unquam
665 1429 728 1496 erit
763 1429 827 1495 lida
850 1428 985 1496 societas
1009 1429 1091 1495 inter
1116 1447 1181 1508 eas,
1204 1440 1239 1498 el

274 1542 392 1619 quanto
416 1553 480 1602 una
504 1535 645 1619 ipsarum
670 1543 922 1620 augmentante
944 1535 1046 1602 altera
1071 1537 1243 1617 minuitur,

274 1641 346 1708 lieet
371 1641 452 1708 inter
487 1642 637 1728 coniuges
672 1650 804 1728 propter
839 1643 1032 1710 sacramenti
1069 1643 1238 1726 virtatem,

274 1747 300 1813 si
325 1748 489 1814 moderata
519 1748 625 1828 fuerit,
649 1756 842 1828 exeusetnr3
866 1750 922 1818 sed
957 1770 976 1817 a
999 1751 1238 1836 spiritualibus,

274 1853 327 1939 qni
353 1853 480 1939 plenam
503 1854 568 1921 Deo
593 1863 749 1923 voverunt
773 1857 1008 1936 continentiam,
1032 1863 1121 1924 tanto
1139 1859 1243 1943 magis

273 1960 449 2044 premenda
471 1968 520 2027 est
543 1962 679 2028 earnalis
714 1962 841 2031 dileetio
864 1971 896 2031 et
919 1965 1095 2046 evellenda,
1119 1973 1243 2052 quanto

273 2065 470 2134 indecentior
492 2077 625 2154 apparet
653 2070 779 2137 macula
804 2071 835 2138 in
860 2073 997 2139 candida
1021 2073 1117 2158 bysso
1140 2091 1241 2159 quam

273 2173 306 2239 in
330 2172 403 2240 rudi
428 2191 528 2240 saeco.
556 2177 648 2257 Qnoe
664 2177 750 2242 eninr
767 2179 908 2244 societas
924 2178 995 2244 luci
1008 2179 1056 2246 nd
1072 2179 1240 2259 moeonas,

273 2287 303 2344 et
325 2298 411 2366 qliae
444 2281 613 2347 conventio
643 2280 770 2349 Christi
798 2283 846 2350 od
876 2283 984 2351 Belial
997 2283 1033 2350 ¹?
1056 2285 1237 2371 Sapientia:

277 2384 304 2452 0
326 2405 429 2474 quom
450 2386 573 2472 potero
590 2397 637 2454 est
652 2372 757 2456 aneto
768 2391 941 2476 peneretto
965 2410 1042 2457 eom
1059 2392 1241 2460 ctoritate!

365 2493 395 2560 3.
419 2494 479 2561 Sed
503 2494 579 2580 quia
602 2495 682 2562 solet
706 2497 956 2584 sequendoque
978 2499 1065 2583 apud
1090 2497 1238 2568 incautos

274 2600 407 2686 palliare
429 2602 566 2668 carnalis
587 2603 714 2671 dileetio
738 2604 799 2671 snb
822 2604 927 2690 speeie
950 2605 1129 2691 spiritualis
1155 2606 1240 2674 sient

274 2707 393 2775 zizania
416 2709 477 2775 sub
501 2709 623 2790 tritieo;
648 2719 683 2777 ut
707 2710 747 2778 de
783 2710 935 2778 viridario
962 2712 1131 2799 religiosae
1155 2715 1240 2782 ritae

274 2814 366 2882 evelli
392 2816 522 2900 possint,
545 2817 669 2904 aliquas
693 2818 762 2885 eins
786 2818 908 2904 speeies
923 2819 1015 2905 qnasi
1031 2819 1148 2888 noxias
1163 2820 1239 2888 her·

274 2921 331 2989 bas
353 2922 394 2990 ad
418 2922 575 2990 cantelam
591 2923 768 3010 inexpertis
785 2925 925 2993 breviter
940 2927 1159 3006 ostendamus,
1180 2945 1240 3012 per

273 3046 354 3115 quas
377 3029 582 3114 dignoscatur
605 3031 755 3098 distantia
783 3023 959 3118 spiritualis
981 3033 1101 3102 amoris
1123 3052 1144 3100 a
1167 3052 1239 3102 aar·

274 3136 347 3203 nali.
372 3135 570 3222 Spiritnelie
593 3138 678 3204 enim
703 3138 829 3207 dileetio
853 3139 968 3207 nobilis
992 3139 1097 3209 virtus
1119 3147 1180 3222 est,
1202 3148 1236 3210 et

272 3243 355 3322 ideo,
378 3261 419 3310 ne
442 3243 573 3311 vilescat
594 3243 794 3312 admixtione
816 3245 969 3314 earnalis
1000 3247 1130 3328 amoris,
1154 3248 1240 3316 sient

273 3348 437 3417 balsamus
471 3350 676 3436 sophisticata
712 3351 830 3419 vilibus
853 3351 1043 3439 liquoribus,
1069 3353 1118 3420 rel
1153 3354 1236 3422 aliae

272 3456 395 3524 nobiles
419 3457 540 3542 species
556 3457 703 3526 falsitatis
718 3458 946 3527 commixtione
963 3458 1126 3540 vitiantur,
1144 3459 1237 3549 longe

343 3578 354 3611 ²
375 3579 481 3636 licor.
501 3583 527 3647 6,
548 3582 590 3636 ll.
608 3597 678 3652 seq.;
697 3585 817 3652 seqnllur
836 3583 899 3651 Sap.
918 3583 943 3653 l,
965 3585 990 3637 l.
