2808 4318
289 213 354 278 216
539 195 541 210 '
640 230 728 277 arnan
752 229 893 277 renatus.

289 334 457 402 etodium
481 343 513 402 et
534 335 654 419 pedor.
679 335 797 400 Harum
820 341 959 421 quatuor
982 341 1093 400 contra
1116 334 1252 414 matum,

290 447 356 508 tres
378 449 484 508 autem
510 440 550 508 ad
575 441 694 508 bonurn
719 441 918 509 ordinantur.
943 441 1018 507 Naru
1044 443 1152 522 timor,
1169 459 1255 508 moe·

290 566 355 628 ror,
379 548 488 615 odium
512 557 544 615 et
568 549 672 634 pudor
696 557 807 615 contra
827 548 950 616 malurn
966 554 1061 630 suut;
1076 566 1160 634 spec
1176 567 1255 633 gau·

290 654 379 722 dium
403 662 435 722 et
457 673 547 721 emor
570 656 611 722 ad
635 655 755 722 bonurn
787 672 821 722 se
853 655 980 722 habeut.
1015 655 1094 722 Nam
1128 655 1254 722 bouum

290 780 352 827 non
376 770 424 829 est
448 762 641 840 timendum,
658 763 714 829 sed
731 761 905 847 optandum
922 769 953 829 et
969 762 1175 848 sperandum,
1192 779 1257 829 uec

289 885 348 953 pro
372 868 454 934 bono
476 877 524 936 est
547 869 735 948 dotandum,
759 870 815 937 sed
839 869 1054 954 gaudendum,
1078 869 1138 936 uisi
1167 869 1255 936 torte

290 975 426 1062 privatio
450 975 522 1043 boui
547 977 697 1043 timeatur
721 977 771 1043 rei
794 975 952 1056 doleatur,
986 994 1068 1062 quae
1102 994 1164 1042 nou
1201 983 1256 1044 est

291 1082 421 1162 bonum,
446 1081 501 1149 sed
526 1084 654 1168 proprie
678 1083 808 1150 malum.
833 1082 910 1149 Nam
934 1082 1056 1160 malurn
1079 1088 1127 1149 est
1143 1082 1256 1168 priva·

289 1190 334 1255 tio
357 1189 429 1255 boui
454 1189 504 1256 rei
529 1191 701 1276 corruptio.
726 1190 814 1268 item,
838 1189 956 1256 bouum
981 1207 1042 1255 uou
1071 1195 1120 1256 est
1139 1189 1255 1255 odiera-

290 1297 383 1375 dom,
407 1297 462 1364 sed
487 1297 671 1376 arnaudum,
695 1314 751 1364 uec
776 1298 816 1364 de
847 1297 930 1364 bono
960 1297 1156 1383 pudendum
1191 1305 1254 1374 est,

290 1404 346 1472 sed
370 1404 581 1488 gloriandum.
606 1404 757 1471 Gloriatio
780 1405 852 1472 ideo
875 1422 936 1470 nou
971 1403 1090 1471 dicitur
1124 1403 1253 1470 adectio

290 1526 415 1595 perse,
438 1509 513 1596 quia
536 1510 597 1576 sub
620 1511 737 1594 gaudio
760 1510 1041 1596 comprehenditur
1068 1516 1101 1576 et
1130 1526 1256 1576 amore.

237 1626 241 1638 ·
291 1616 368 1683 Cum
393 1635 469 1702 ergo
493 1618 570 1683 istae
593 1616 774 1684 affectiones
797 1617 960 1684 ordinatae
987 1624 1062 1684 suut
1091 1615 1133 1682 ad
1163 1616 1255 1702 quod

291 1723 406 1790 debent
429 1731 460 1790 et
483 1724 660 1790 secundum
684 1724 769 1810 quod
795 1724 912 1792 dehent
934 1726 1025 1790 iuxta
1057 1725 1188 1791 rationis
1221 1733 1258 1792 et

290 1832 433 1898 veritatis
446 1832 617 1910 iudicium3
634 1842 710 1898 tuuc
726 1832 822 1898 horno
837 1841 885 1899 est
901 1833 1074 1910 virtuosus,
1090 1849 1164 1899 cum
1181 1831 1255 1898 sota

291 1938 431 2006 timenda
455 1938 554 2018 timet,
578 1947 609 2006 et
633 1941 734 2024 tnagis
757 1940 907 2019 timenda,
928 1937 959 2005 id
975 1946 1023 2005 est
1040 1939 1141 2024 magis
1157 1938 1256 2018 maia,

292 2043 366 2131 plus
390 2045 488 2124 timet,
512 2053 543 2112 et
566 2045 702 2113 dolenda
725 2047 809 2112 dotet
832 2054 862 2113 et
886 2046 1021 2113 odienda
1045 2046 1114 2112 odit
1136 2054 1168 2112 et
1191 2064 1256 2131 pu·

292 2153 396 2220 denda
419 2147 579 2219 crubescit
602 2153 778 2220 secuudum
804 2154 876 2239 ptus
899 2161 931 2220 et
963 2154 1077 2232 miuus,
1110 2153 1192 2220 sicut
1220 2161 1257 2219 et

291 2257 360 2343 ipsa
383 2257 519 2325 dolenda
542 2267 574 2325 et
596 2258 732 2326 odienda
755 2265 786 2326 et
809 2258 959 2344 pudenda
982 2258 1056 2344 plus
1076 2257 1127 2324 rei
1145 2259 1256 2325 miuus

291 2370 365 2430 sunt
390 2364 489 2443 utala3
514 2365 599 2445 item,
623 2382 695 2432 cum
721 2366 788 2433 sota
811 2366 969 2451 speranda
991 2373 1153 2451 operatet
1168 2365 1257 2432 sicut

292 2470 442 2550 denotet
465 2473 601 2539 amanda
624 2480 719 2539 amat
741 2479 772 2539 et
796 2472 836 2540 de
859 2472 1036 2558 gaudendis
1048 2471 1185 2558 pandet,
1201 2489 1256 2539 sc-

292 2577 430 2646 cundum
455 2581 541 2664 quod
566 2580 666 2665 magis
690 2580 739 2646 vel
765 2581 870 2648 minus
893 2588 968 2647 sunt
992 2581 1083 2646 bona.

380 2687 411 2752 ᾖ.
442 2686 610 2752 Summum
646 2695 752 2754 autem
791 2687 919 2767 bonum,
954 2686 1039 2772 quod
1069 2693 1119 2753 est
1153 2684 1254 2764 Deus,

292 2808 417 2858 summe
440 2794 628 2859 amandum
651 2801 699 2861 est
722 2802 753 2860 et
776 2801 848 2861 aute
872 2794 974 2860 omnia
997 2792 1203 2879 pecodum
1220 2801 1256 2860 ct

292 2916 389 2985 super
413 2900 518 2965 outoia
542 2901 572 2966 in
598 2900 666 2986 ipso
686 2900 916 2988 pendendum,
932 2908 964 2967 et
979 2901 1096 2980 omnia,
1111 2917 1194 2984 quae
1208 2897 1255 2965 ab

292 3007 360 3092 ipso
384 3004 562 3085 retrahunt,
578 3024 703 3074 summe
718 3005 881 3094 sopiendo
898 3014 929 3074 et
944 3006 1152 3084 exsecranda,
1168 3023 1254 3090 quae

292 3120 366 3181 suut
391 3115 559 3201 praecipue
584 3115 660 3182 vitia
683 3123 715 3183 et
738 3123 883 3201 peccata3
906 3109 981 3200 qnia
1012 3115 1089 3180 haec
1121 3131 1196 3180 rere
1219 3121 1255 3181 et

292 3221 421 3307 proprie
445 3220 529 3287 rnata
552 3230 627 3289 suut
650 3229 681 3289 et
704 3222 853 3288 ornnibus
876 3220 960 3287 maia
994 3228 1026 3288 et
1056 3219 1136 3287 nulii
1169 3219 1255 3286 bona

291 3329 385 3396 etad
410 3329 544 3396 uiuiturn
572 3329 663 3408 noua,
687 3329 738 3398 cui
762 3329 887 3406 insunt;
906 3327 977 3396 ticet
992 3326 1183 3414 quandoque
1201 3325 1254 3392 tto

292 3435 340 3502 uis
364 3443 574 3521 cooperentur
597 3438 632 3503 in
648 3437 766 3503 bouum
784 3435 867 3502 mala
883 3434 986 3504 aliena
1002 3433 1163 3502 ueletiam
1182 3451 1256 3519 pro-

292 3541 362 3629 pria
384 3544 540 3629 quaedam
566 3551 637 3630 post
659 3543 908 3622 conversionem,
931 3548 968 3609 nt
998 3557 1040 3608 ex
1071 3539 1117 3608 eis
1149 3539 1255 3626 magis
