2742 4320
303 247 343 294 nn
367 247 410 295 vu
432 245 644 295 enncnssrnus.
670 245 841 295 rnocnssus
866 246 917 293 vn.
1025 226 1088 294 tte

117 369 201 418 rum
227 351 440 438 spiritualium
459 353 604 418 membra
628 352 777 419 amittunt
802 351 997 418 habilitatem
1021 350 1089 418 offi-

118 460 249 526 ciorum
274 453 419 538 suorum,
442 467 479 526 ut
502 456 610 544 lingua
625 458 780 544 loquelae,
805 476 918 524 manus
934 457 1089 544 operatio

119 583 204 632 num
229 573 260 631 et
285 566 382 650 pedes
405 573 436 631 et
459 583 555 632 crura
590 565 766 650 gradiendi,
790 581 958 650 quousque
982 563 1089 630 lervor

120 672 244 739 iterum
270 671 462 750 remittatur,
485 677 517 738 et
535 660 602 737 viae
618 669 789 755 spirituum
807 677 935 757 apertae
961 670 1037 736 liant
1054 677 1089 736 ut

121 780 227 865 prius,
253 778 314 846 Nec
340 779 468 858 mirum,
493 779 517 844 si
545 779 603 845 hoc
636 786 769 864 possunt
800 777 980 844 affectiones
1012 777 1090 844 divi·

123 904 187 952 nae
212 883 348 964 efficere,
372 903 510 971 quarum
538 885 639 952 virtus
663 885 774 952 iortior
803 893 862 964 est,
885 901 959 951 cum
992 885 1086 951 etiam

125 992 289 1060 humanae
305 991 487 1059 affectiones
504 992 563 1060 hoc
580 991 740 1058 interdum
760 991 894 1072 valeant,
910 1000 947 1059 ut
962 991 1088 1058 subitus

125 1107 233 1166 terror
257 1107 289 1165 et
312 1098 417 1165 subita
448 1106 480 1166 et
511 1097 720 1166 immoderata
752 1098 869 1165 laetitia
900 1107 932 1164 et
962 1098 1088 1164 subitus

124 1203 219 1271 dolor
242 1212 273 1270 et
296 1205 405 1270 odium
443 1203 634 1271 immensum
666 1212 697 1272 et
728 1205 957 1290 intemperatus
980 1221 1089 1283 amor;

125 1310 209 1378 sicut
232 1328 326 1396 saepe
350 1318 550 1396 compertum
574 1319 632 1390 est,
656 1311 750 1378 etiam
777 1310 806 1376 in
831 1311 977 1377 ecstasim
1003 1309 1089 1376 et-in

125 1424 291 1503 stuporem
316 1416 365 1483 vel
391 1417 420 1482 in
453 1417 636 1502 phrenesim
673 1416 798 1502 aliquos
828 1434 868 1483 ex
903 1413 1087 1483 huiusmodi

125 1532 236 1610 raptos
259 1541 329 1591 esse
352 1532 384 1591 et
409 1526 552 1591 mamhra
588 1524 618 1590 in
655 1523 793 1609 rigorem
830 1523 879 1589 vel
916 1532 1088 1589 tremorem

125 1647 230 1710 uersa,
256 1631 304 1698 vel
328 1631 423 1697 etiam
447 1629 552 1698 lebres
576 1649 616 1697 ex
643 1630 820 1698 vehementi
846 1630 991 1696 molestia
1015 1629 1089 1695 inci-

126 1737 222 1806 disse.
247 1737 329 1824 Quid
354 1738 448 1804 etiam
474 1737 603 1818 mirum,
626 1738 653 1804 si
676 1755 717 1805 ex
743 1756 854 1823 magna
881 1735 1013 1822 spiritus
1045 1736 1090 1802 hi·

126 1845 264 1925 laritate,
287 1863 384 1930 quam
409 1853 538 1912 sanctus
566 1845 703 1931 Spiritus
734 1845 822 1912 cordi
856 1843 1003 1924 infundit,
1034 1842 1089 1909 ali·

125 1952 256 2039 quando
279 1953 420 2037 erumpit
444 1953 474 2018 in
498 1952 605 2038 aliqua
628 1960 739 2038 aperta
763 1951 932 2019 hilaritatis
963 1950 1089 2032 indicia,

125 2060 177 2128 uel
203 2060 228 2127 si
252 2059 445 2145 quandoque
469 2059 662 2144 singultibus
685 2065 716 2126 et
738 2057 867 2127 fletibus
890 2059 1009 2143 apertis
1034 2057 1088 2124 im-

126 2182 241 2251 perare
265 2183 326 2231 non
352 2164 435 2231 valet
466 2171 496 2230 et
528 2164 711 2230 huiusmodi
738 2163 880 2231 internae
911 2163 1088 2230 devotionis

128 2279 233 2338 mutus
256 2271 471 2349 abscondere;
499 2289 572 2337 cunr
598 2270 774 2351 videamus
802 2270 930 2358 saepius
963 2269 1089 2356 aliquos

127 2395 168 2446 ex
193 2377 291 2446 stulta
315 2377 441 2445 levitate
475 2376 589 2444 arisu
621 2384 653 2444 et
684 2376 893 2444 insolentibus
924 2375 1087 2444 cachinnis

126 2504 187 2554 non
212 2503 305 2573 posse
329 2502 363 2552 se
386 2484 545 2564 cohibere,
577 2485 671 2552 etiam
704 2483 758 2550 ubi
789 2484 894 2570 pudor
926 2485 1088 2550 humanus

129 2593 263 2678 imperat
287 2591 498 2676 disciplinam,
521 2592 748 2679 utaliquando
771 2608 811 2658 ex
838 2592 978 2657 humana
994 2588 1089 2656 tristi·

127 2701 169 2767 tia
192 2699 304 2765 oborto
327 2697 418 2766 fletui
441 2717 503 2765 non
529 2699 628 2785 possit
652 2700 758 2779 horno,
781 2697 929 2784 quantus
953 2696 1088 2764 libenter

127 2806 252 2886 laceret,
277 2806 461 2892 imperaret
485 2805 563 2872 Cum
589 2805 673 2872 enim
698 2805 853 2890 scriptum
878 2805 919 2872 sit
938 2805 965 2870 ¹:
1000 2803 1087 2870 Deos

128 2920 236 2980 hoster
259 2912 349 2999 {pois
377 2930 574 2979 consumens
605 2919 663 2990 est,
686 2919 738 2979 et:
766 2911 853 2978 Deus
876 2910 1007 2978 corilus
1029 2919 1088 2989 est,

128 3019 203 3108 quid
229 3019 359 3097 mirum,
374 3019 400 3086 si
425 3019 532 3086 fervor
548 3018 675 3087 divinae
698 3017 839 3085 caritatis
855 3018 942 3086 cordi
965 3016 1089 3084 inlusus

128 3131 228 3194 totum
252 3126 413 3193 hominem
438 3133 625 3204 commovet,
658 3126 740 3192 sicut
767 3125 793 3192 si
819 3125 901 3191 vitro
929 3123 1032 3210 fragili
1057 3129 1089 3189 et

130 3234 193 3301 rasi
217 3233 305 3303 fictili
329 3232 514 3301 bullientem
540 3232 695 3318 liquorem
723 3229 772 3298 vel
794 3231 897 3317 ignem
922 3229 1088 3298 ardentem

130 3339 286 3419 infundas,
310 3339 525 3427 crepitationis
548 3339 707 3424 fragorem
732 3339 879 3406 concitas.
909 3338 968 3404 Cor
1001 3355 1089 3404 narn-

130 3465 189 3534 que
212 3447 311 3514 divini
335 3446 454 3513 amoris
478 3445 595 3531 gaudio
620 3443 668 3512 uel
693 3445 819 3512 divinae
854 3443 1014 3512 iruitionis
1037 3444 1089 3511 de·

197 3571 207 3602 ¹
227 3571 302 3625 Dent.
322 3571 347 3635 l,
366 3571 409 3625 tls
429 3580 454 3625 et
473 3573 491 3624 l.
510 3573 577 3624 loan.
598 3570 622 3636 l,
642 3571 667 3624 8.
