2738 4316
254 271 295 318 DE
318 269 542 320 COMPOSITIONE
566 270 696 320 nomimis
718 270 909 320 uxuuaronls
1042 255 1061 318 7

96 376 173 443 talia
196 377 282 444 enim
308 385 426 444 statuta
451 385 573 444 tautum
601 378 822 463 reprimuntur
844 394 998 444 excessus
1014 396 1063 444 eo

95 483 260 569 numqui
285 491 387 550 metas
411 483 596 569 disciplinae
623 483 915 570 transgrediuntur.
940 521 984 532 -
1009 485 1061 552 llis

96 591 137 656 de
161 589 342 656 obedientia
365 589 559 674 praemissis,
582 607 665 675 quae
700 597 748 657 est
779 589 904 657 initium
931 589 1002 656 boni
1028 590 1060 656 io

97 695 269 779 Religione
291 696 332 763 ad
357 695 445 762 aliud
471 703 681 774 transeamus,
705 703 736 762 et
759 695 864 782 primo
879 695 920 762 ad
945 715 1062 782 corpo·

94 801 188 868 ralia
212 801 374 868 exercitio
390 811 422 868 et
437 803 478 868 ad
502 801 700 888 spiritualia
724 809 966 888 consequenter,
986 805 1063 888 quia

94 927 164 974 non
182 907 287 994 priua
311 908 400 995 quod
420 907 601 992 spirituale
624 917 681 986 cst,
704 908 763 974 sed
784 909 872 996 quod
901 908 1060 988 unimode,

94 1014 213 1080 deinde
235 1015 326 1102 quod
348 1013 526 1100 spirituale
540 1013 560 1078 ¹.

450 1172 633 1239 Currruuun
658 1172 706 1240 lV.

211 1333 258 1398 De
282 1333 463 1419 disciplina
487 1333 523 1399 iu
546 1331 741 1399 dormiendo
764 1333 943 1401 servando.

183 1495 349 1574 assuesce,
372 1495 500 1580 quando
523 1502 701 1580 opportune
727 1500 825 1578 poteS,
849 1512 964 1579 parum
989 1500 1061 1560 ante

95 1601 255 1667 matutina
280 1600 390 1668 Officia
413 1601 575 1686 evigilare,
597 1609 632 1668 ut
655 1602 788 1686 spiritus
813 1609 888 1668 tuus
904 1600 1062 1685 dirigatur

93 1708 131 1774 ad
157 1708 264 1774 Deum
288 1708 319 1773 in
352 1708 504 1787 oratione,
528 1717 565 1774 ut
598 1709 697 1792 niagis
720 1708 848 1774 sobrius
884 1708 927 1774 sis
950 1715 983 1774 et
1005 1707 1061 1774 de-

94 1822 190 1881 votus
215 1815 246 1880 in
283 1814 413 1882 servitio
436 1814 492 1882 Dei
524 1822 555 1880 et
585 1815 736 1882 laudibus
760 1815 870 1900 ipsius.
896 1815 975 1881 Cum
999 1813 1061 1882 evi-

93 1920 185 2006 gilas,
211 1921 318 1987 statim
342 1938 452 1987 omnes
476 1922 680 2006 cogitationes
704 1922 804 1989 abiice
828 1922 868 1989 de
885 1922 981 1989 corde
1005 1930 1061 1990 tuo

93 2037 124 2095 et
147 2028 285 2106 somnia,
309 2046 391 2114 quae
415 2029 577 2095 somniasti
603 2029 633 2094 in
659 2036 760 2108 nocte,
776 2029 894 2115 quibus
911 2029 1058 2097 diabolus

94 2143 123 2202 te
147 2135 248 2202 vellet
271 2153 438 2220 occupare,
462 2145 494 2202 et
511 2135 667 2220 primitias
683 2136 908 2221 cogitationum
931 2144 1062 2203 tuarum

93 2250 124 2308 et
147 2241 313 2308 actionum
337 2248 466 2308 tuarum
491 2241 570 2309 oller
593 2242 658 2308 Deo
690 2243 721 2307 iu
746 2243 888 2308 oratione
913 2242 963 2310 rel
996 2259 1063 2309 mc-

92 2347 249 2414 ditatione
279 2345 387 2432 aliqua
417 2346 604 2436 bona-cum
640 2348 783 2432 corporis
818 2346 976 2414 erectione
1012 2347 1062 2415 vel

93 2451 331 2538 genuflexione,
355 2453 453 2521 donec
477 2453 616 2540 aliquem
634 2455 783 2522 affectum
800 2453 975 2522 devotionis
992 2472 1062 2521 con·

92 2561 195 2647 cipias
218 2568 250 2626 et
273 2560 478 2646 cogitationes
502 2579 610 2640 vanas,
634 2579 717 2647 quae
742 2568 817 2630 tuno
853 2561 994 2628 maxime
1018 2561 1063 2627 in·

92 2667 212 2736 festant
234 2677 386 2748 mentem,
410 2687 428 2734 a
452 2675 483 2735 te
506 2668 646 2746 abiicias,
663 2677 694 2736 et
715 2687 755 2736 ex
774 2670 833 2736 hoc
849 2667 913 2736 eris
930 2676 994 2735 tota
1010 2667 1061 2736 die

93 2775 133 2842 ad
158 2792 257 2841 omne
281 2793 363 2860 opus
387 2775 531 2844 devotior
554 2783 585 2842 et
609 2775 798 2861 expeditior.

458 2935 642 3002 Carnunuu
667 2937 701 3004 V.

169 3095 216 3161 Dc
239 3094 461 3162 sollicitudine
485 3095 521 3162 in
544 3070 659 3162 divino
685 3093 800 3184 Officio
832 3093 995 3162 debendo.

188 3255 222 3321 ln
246 3255 355 3322 divino
378 3254 488 3323 Officio
512 3273 574 3322 non
599 3255 643 3322 sis
667 3256 757 3341 piger
780 3273 838 3322 nec
868 3253 1064 3332 fastidiosus,

96 3362 152 3430 sed
179 3380 256 3448 coge
280 3381 398 3449 corpus
421 3363 548 3449 spiritui
572 3362 694 3431 servire
711 3371 742 3431 et
758 3370 806 3431 sta
829 3372 1014 3430 reverenter
1031 3367 1063 3429 et

96 3469 199 3556 psalle
223 3469 371 3538 alacriter
396 3470 426 3537 in
450 3470 584 3538 ecclesia
606 3477 639 3538 et
661 3470 775 3538 devote
796 3487 903 3537 coram
927 3467 1063 3554 Angelis,

171 3593 180 3628 ¹
200 3597 217 3647 l.
238 3593 298 3648 Cor.
318 3593 361 3662 ts,
381 3594 426 3648 ts.
