2808 4318
306 174 368 238 188
660 190 748 237 nmen
771 189 907 237 noerius.

304 295 379 362 boni
402 294 521 380 engen,
544 312 639 381 quem
664 293 767 361 credit
789 312 810 358 a
834 293 924 362 bonis
947 292 1047 380 diligi,
1061 301 1099 360 ut
1115 301 1199 360 tanto
1219 292 1256 358 la·

303 401 396 469 cilius
420 401 557 488 decipiat
579 419 645 476 eos,
668 420 733 487 quo
761 401 864 469 nonus
894 401 1028 468 nuntius
1060 409 1199 486 putatur,
1229 406 1258 466 et

303 509 357 594 qui
382 527 444 575 non
469 508 568 576 soleat
591 508 652 574 nisi
675 508 757 574 bona
781 509 929 575 nuntiare
951 515 1000 575 et
1018 507 1163 575 suadere.
1188 506 1257 574 ller-

303 614 425 682 nardus
443 615 472 680 ¹:
501 640 518 674 ι
534 615 640 682 Bonus
663 633 828 701 nunquam
852 615 911 681 nisi
947 615 1020 680 boni
1055 613 1258 680 similitudine

303 721 456 808 deceptus
479 730 528 790 est
543 747 574 787 ».
601 723 636 789 Et
658 731 695 789 ut
709 722 834 790 facilius
850 723 1022 806 recipiatur
1038 723 1107 788 eins
1132 739 1259 807 persua-

303 827 359 906 sio,
388 829 492 914 primo
527 827 594 895 sola
625 829 707 895 bona
737 827 895 915 proponit,
927 827 1128 914 postmodnm
1163 827 1260 892 mixta

302 933 406 1013 malis,
430 935 558 1002 tandem
582 935 662 1002 falsa
686 935 777 1014 bona,
801 934 859 1001 sed
883 953 959 1002 vera
983 935 1076 1018 mala,
1092 943 1261 1020 postremo,

302 1056 376 1107 cnm
399 1039 551 1107 irretierit
566 1057 620 1107 eos
635 1049 666 1108 et
683 1041 903 1127 illaqueaverit
918 1042 1139 1122 insolubiliter,
1155 1048 1260 1128 aperte

302 1156 398 1231 caput
429 1154 631 1214 venenatum¹
654 1148 746 1234 erigit
777 1157 809 1215 et
843 1150 874 1215 in
905 1158 1016 1235 aperta
1051 1157 1181 1234 peccata
1210 1163 1262 1213 eos

303 1253 418 1334 delicit,
443 1255 525 1322 sient
548 1256 704 1342 scorpius,
728 1256 782 1342 qui
807 1255 957 1323 blandam
981 1256 1092 1323 faciem
1118 1255 1214 1322 habet
1232 1262 1261 1320 et

287 1361 438 1428 caudam
463 1378 666 1442 venenosam,
689 1353 762 1429 cum
787 1381 851 1449 qna
881 1363 1004 1430 occidit
1037 1364 1086 1430 Sic
1110 1362 1261 1430 Gabaoni-

302 1475 363 1547 tae,
399 1469 548 1536 simulato
583 1471 752 1555 peregrino
787 1469 908 1550 habitu,
949 1471 1144 1556 deceperunt
1184 1468 1261 1536 lilios

305 1574 412 1656 lsrael,
446 1585 483 1643 ut
514 1586 681 1662 parcerent
711 1580 768 1658 eie,
799 1596 872 1646 cum
906 1579 946 1646 de
977 1595 1092 1664 genere
1124 1579 1259 1646 nostium

303 1682 406 1750 forent
420 1683 442 1748 ².
464 1684 578 1769 Quanti
596 1685 657 1752 sub
673 1686 778 1770 specie
794 1685 969 1772 spiritualis
985 1685 1163 1752 dilectionis
1177 1685 1262 1771 spiri·

305 1789 407 1856 tuales
426 1789 560 1857 leminas
575 1789 860 1877 frequentaverunt
876 1801 907 1859 et
922 1794 1102 1860 orationum
1120 1792 1260 1878 ipsarum

302 1895 451 1962 obtentu!
478 1897 564 1977 Ecce,
588 1906 706 1983 quanta
735 1899 858 1984 puritas
892 1900 923 1966 in
956 1899 1125 1966 intentione
1151 1899 1260 1985 prima,

303 2001 422 2069 scilicet
445 2004 560 2070 caritas
583 2012 615 2071 et
638 2003 786 2072 devotiol
812 2006 921 2073 Postea
947 2014 1127 2092 sequnntur
1155 2005 1260 2090 longae

303 2108 582 2191 confabulationes,
607 2112 701 2179 modo
725 2111 765 2180 de
781 2113 856 2193 Deo,
881 2113 975 2179 modo
991 2113 1031 2180 de
1056 2121 1170 2179 mutuo
1186 2112 1261 2198 ipso

304 2232 378 2281 rum
402 2234 511 2283 amore
534 2227 565 2284 et
590 2217 662 2298 lide,
686 2226 718 2285 et
748 2219 886 2286 amorosi
917 2226 1065 2304 aspectus
1088 2226 1120 2285 et
1152 2235 1260 2285 mnnu·

303 2323 392 2389 scula
428 2341 486 2410 pro
522 2326 762 2393 memorialibus
796 2326 947 2393 caritatis.
982 2326 1069 2406 Ecce,
1104 2323 1261 2412 quomodo

305 2429 406 2496 mixta
430 2440 504 2498 sunt
527 2432 590 2498 iam
615 2433 697 2499 bona
719 2433 895 2520 spiritualis
918 2432 1095 2501 collationis
1114 2439 1147 2499 et
1162 2430 1261 2500 tidelis

306 2536 479 2605 allectionis
502 2557 576 2606 cnm
601 2539 694 2608 melis
718 2541 839 2609 inutilis
862 2540 1126 2609 confabulationis
1157 2549 1190 2608 et
1218 2539 1261 2605 io·

304 2650 416 2711 cautae
443 2643 667 2713 familiaritatis
701 2655 732 2713 et
764 2646 886 2714 inutilis
916 2646 1132 2732 occupationis
1160 2643 1261 2713 cordis

304 2749 390 2817 circa
412 2750 570 2818 dilectam.
596 2753 735 2820 Tandem
772 2761 952 2840 sequuntur
975 2754 1055 2822 laisa
1084 2754 1178 2832 bona,
1208 2747 1260 2820 sed

304 2873 380 2923 vera
404 2857 497 2938 mala,
521 2859 640 2926 scilicet
656 2860 837 2946 amplexos,
853 2861 972 2941 oscula,
988 2869 1092 2929 tactus
1110 2875 1259 2928 manuum

304 2971 336 3030 et
360 2962 508 3046 uberum,
532 2975 563 3032 et
586 2966 712 3047 similla,
737 2985 820 3053 qnae
842 2969 949 3036 omnia
972 2977 1120 3054 suspecta
1143 2971 1261 3036 suntet

304 3071 440 3139 carnalis
471 3071 644 3141 allectionis
668 3074 784 3142 indicia
814 3085 846 3143 et
869 3076 974 3162 turpis
1005 3077 1112 3161 operis
1142 3073 1260 3161 praelu-

304 3177 356 3243 dia
370 3177 391 3241 ³.
425 3178 585 3248 Postremo
616 3181 778 3266 impudica
809 3183 985 3251 succedunt
1018 3183 1109 3269 quasi
1140 3182 1260 3248 lrrrctus

304 3285 572 3368 praecedentium,
596 3287 714 3356 scilicet
736 3298 847 3376 aperta
869 3308 968 3378 opera
990 3289 1174 3376 iniquitatis

375 3425 384 3456 ¹
404 3429 430 3481 ln
450 3427 522 3483 Cant.
541 3443 629 3484 sermo
647 3431 690 3483 66.
710 3445 736 3485 u.
758 3433 781 3484 l.
854 3430 865 3464 ¹
885 3435 960 3488 losue
978 3435 1004 3500 9,
1023 3433 1049 3487 3.
1067 3447 1141 3500 seqq.

374 3515 386 3548 ⁸
405 3521 464 3573 Sola
483 3521 541 3575 Vat.
561 3531 586 3576 et
605 3522 673 3576 cdl
690 3523 804 3577 addunt:
818 3523 994 3590 Augustinus:
1016 3522 1064 3576 «0
1083 3537 1163 3592 qoam
1180 3535 1257 3590 porro
