2808 4318
296 252 358 318 tea
650 267 738 314 maun
761 266 901 314 nunnius.

302 373 433 441 mribus
448 372 604 440 remediis
620 373 754 439 mederi.
768 373 821 439 llic
833 379 936 458 potest
947 381 1057 440 status
1069 373 1262 440 emutium's

296 481 345 548 vel
368 480 595 547 remediorum
617 479 853 565 spiritualium
877 479 950 559 dici,
967 479 998 544 in
1016 496 1080 564 quo
1097 497 1177 545 cure
1193 479 1262 546 dili·

292 605 370 672 gens
393 587 514 654 morbis
538 587 688 653 vitiorum
705 586 888 664 adhibetur,
913 595 948 652 nt
964 586 1002 652 ad
1028 587 1174 653 sanitatis
1198 595 1261 654 sta-

292 702 360 761 tum
378 695 595 780 perveniatur,
619 693 659 760 de
675 693 793 779 quibus
809 693 971 771 remediis,
987 694 1063 780 quia
1083 695 1114 760 in
1131 711 1262 778 praece

292 799 441 866 dentibus
454 799 574 866 dictum
588 807 636 866 est
645 800 667 879 ¹,
681 797 732 865 bic
745 815 806 864 nou
824 806 873 866 est
884 817 967 884 opus
980 808 1137 885 repetere.
1151 799 1193 866 Ea
1207 815 1268 866 au*

293 914 355 972 tem
380 904 542 990 diligentia
559 905 653 972 debet
669 904 805 990 quisque
821 904 951 972 studere
975 905 1119 973 remedia
1135 905 1262 972 animae

292 1029 369 1079 suae
385 1012 574 1098 perquirere
589 1019 621 1078 et
636 1011 786 1078 sanandis
802 1011 1024 1097 spiritualibus
1038 1012 1161 1080 morbis
1173 1011 1263 1078 vitio

227 1119 235 1133 '
293 1136 366 1185 rum
392 1118 567 1203 invigilare,
590 1136 656 1204 qua
679 1117 764 1184 letali
788 1117 902 1184 morbo
919 1117 1067 1184 laborans
1087 1119 1262 1198 medicum,

222 1208 225 1214 ’
292 1225 348 1312 qui
364 1243 437 1292 eum
456 1241 569 1292 curare
586 1232 703 1309 posset,
720 1224 905 1309 inquireret.
920 1224 956 1290 Et
972 1231 1058 1290 tanto
1074 1224 1262 1310 diligentius

291 1350 369 1400 cura
393 1331 563 1398 animabus
587 1331 739 1398 curandis
762 1330 944 1398 adhibenda
968 1320 1173 1417 est,'qnant0
1195 1331 1260 1398 aui·

292 1455 420 1504 marum
447 1438 579 1532 morbus
596 1437 805 1522 periculosior
830 1445 879 1504 est
893 1446 926 1504 et
948 1454 1027 1505 cura
1043 1435 1205 1503 difficilior
1228 1445 1261 1504 et

292 1544 411 1611 sanitas
436 1544 647 1630 praestantior
671 1545 796 1611 animae
819 1562 916 1630 quam
934 1543 1077 1628 corporis
1099 1543 1258 1610 morituri.

291 1651 325 1717 ln
349 1658 505 1737 quantum
530 1668 607 1718 vero
631 1650 704 1736 plus
728 1651 768 1717 de
803 1651 946 1736 corporis
980 1652 1114 1717 sanitate
1146 1669 1261 1718 sumus

292 1777 389 1844 quam
415 1759 455 1826 de
478 1758 602 1824 animae
626 1759 729 1825 salute
764 1758 899 1837 solliciti,
923 1758 955 1824 in
980 1766 1103 1826 tantum
1134 1758 1261 1826 sunnin

194 1901 198 1910 ·
293 1865 396 1931 cimur
420 1863 500 1930 illud
525 1863 598 1950 plus
623 1864 755 1950 diligere
778 1873 810 1932 et
833 1865 903 1932 eius
927 1866 1095 1932 sanitatem
1119 1864 1261 1952 amplius

293 1971 488 2039 desiderare.
514 1971 636 2038 Sanitas
660 1972 814 2057 eorporis
838 1973 980 2039 consistit
1011 1973 1042 2038 in
1080 1973 1262 2058 integritate

294 2079 513 2144 membrorum
538 2086 569 2144 et
593 2095 745 2145 sensuum
770 2079 848 2145 etin
866 2078 1011 2146 ordinata
1032 2078 1187 2165 qualitate
1203 2079 1262 2146 bu-

294 2203 420 2252 morum
446 2193 476 2252 et
500 2185 608 2270 vigore
625 2184 807 2269 spirituum.
824 2185 946 2251 Sanitas
963 2184 1100 2252 cnimoe
1115 2185 1263 2252 consistit

296 2292 326 2358 in
339 2299 431 2359 recto
444 2301 473 2357 ot
489 2292 732 2377 circumspecto
747 2293 887 2371 ootimre,
901 2293 931 2358 in
945 2299 1066 2358 coutoe
1083 2291 1263 2359 locutionis

295 2397 532 2475 obseruatione,
557 2399 588 2464 in
612 2399 811 2466 rectitudine
833 2399 1028 2477 uoluntatis,
1045 2399 1263 2468 mdiuotioue

294 2503 478 2592 effectionis
501 2513 532 2572 et
557 2505 699 2572 utilitate
722 2506 935 2593 eopitntr'ortis
952 2505 973 2571 ¹.

637 2719 820 2786 Cnnnrutuu
844 2719 919 2787 XVl.

395 2933 490 2999 Actio
515 2933 550 2998 in
574 2931 683 2998 tribue
706 2933 948 3020 circumspecto
972 2953 1040 3000 esse
1063 2932 1162 3000 ricbet.

385 3145 479 3213 ⁴letio
503 3147 534 3212 in
559 3146 663 3214 tribus
686 3147 781 3215 debet
803 3163 873 3214 esse
898 3147 1139 3235 circumspecta,
1161 3156 1200 3215 ut
1224 3151 1267 3217 sit

296 3253 474 3320 meritoria:
500 3245 614 3339 primo,
638 3273 677 3321 an
695 3253 812 3333 liceot;
828 3253 980 3334 secundo,
996 3273 1036 3321 an
1054 3253 1187 3332 decem,-
1204 3263 1268 3324 ter·

365 3409 374 3442 ¹
397 3414 453 3467 Lib.
473 3415 501 3467 ll.
521 3427 544 3468 c.
563 3415 606 3467 32.
627 3429 701 3483 seqq.

367 3499 458 3556 ‘Tria
479 3505 570 3557 ultima
596 3505 715 3557 membra
741 3506 900 3558 constituunt
925 3505 1063 3559 sanitatem
1081 3502 1192 3572 cordos·
1216 3507 1267 3560 clr.

296 3593 363 3645 inira
383 3607 406 3644 c.
429 3593 467 3645 19.
