2776 4316
258 206 324 272 286
616 221 704 268 uinea
727 219 867 267 nunnius.

262 327 330 394 lum
355 335 384 393 ct
400 326 529 393 mulum
553 326 686 406 bouum,
709 327 859 412 ponendo
879 325 984 390 latrem
1009 323 1174 402 tmebros,
1198 331 1233 389 et

261 433 411 500 tenebras
435 433 551 512 luceru,
576 433 727 499 dividens
743 432 830 499 diem
848 432 975 498 virlutis
991 450 1015 497 u
1029 439 1122 498 uncte
1138 430 1234 496 vitio·

260 558 345 619 rum,
368 558 406 606 ne
430 539 586 626 eupolum
602 548 745 606 autunue
758 557 823 624 pro
840 537 964 624 Anpclo
982 537 1067 602 liceis
1083 536 1233 623 recipiat,

261 665 373 713 verum
390 664 409 711 a
425 647 504 714 laiso
520 647 728 733 distiupucnr
741 654 772 712 et
787 645 876 733 qnod
891 644 1014 710 bouum
1034 652 1081 709 eat
1105 652 1232 709 uncos.

628 823 811 890 Carnuntum
833 823 865 889 L.

284 1003 330 1068 De
353 1002 506 1070 castitate
529 1001 665 1089 eiusque
687 1000 890 1067 utilitatibus
914 1011 945 1066 ct
967 999 1202 1088 acquisitione.

355 1183 382 1244 l.
407 1178 554 1246 Custitus
578 1187 625 1246 est
649 1179 830 1245 sobrietatis
866 1178 930 1245 lilia
953 1187 984 1245 et
1020 1178 1165 1244 nutritur
1190 1177 1235 1244 ab

261 1304 308 1365 ea,
333 1287 415 1352 sieut
438 1303 455 1352 e
479 1286 638 1352 contrario
663 1285 794 1351 luxuria
818 1284 1003 1351 nutritura
1031 1285 1154 1350 ventris
1188 1284 1235 1350 in-

262 1392 378 1476 gluvie.
404 1392 545 1458 Membra
569 1392 652 1457 euim
678 1391 825 1477 genitalia
849 1392 1038 1457 subvenire
1063 1389 1168 1476 posita
1189 1409 1234 1458 ex

262 1500 331 1564 eius
356 1498 567 1565 redundantia
584 1497 615 1564 in
632 1498 795 1564 libidinem
814 1497 1020 1566 resolvuntur
1028 1521 1037 1577 ;
1054 1498 1099 1565 sic
1116 1515 1135 1564 e
1159 1516 1234 1564 con·

263 1623 355 1671 verso
381 1605 500 1671 ventris
523 1605 697 1672 exinanitio
721 1606 889 1672 humorem
912 1605 1062 1672 luxuriae
1078 1605 1233 1685 arefacit3

265 1711 356 1790 sicut,
381 1729 453 1777 cum
480 1711 550 1778 lons
573 1712 755 1790 obturatur,
778 1713 905 1778 rivulus
928 1729 970 1778 ex
1001 1729 1040 1778 eo
1065 1711 1234 1796 prodneus

262 1818 440 1884 desiccatur
458 1821 480 1883 1.
507 1819 593 1886 Unde
622 1837 679 1903 pro
708 1819 848 1903 generali
874 1821 987 1904 regula
1010 1819 1051 1885 ab
1075 1820 1234 1887 omnibus

263 1925 484 2011 spiritualibus
516 1927 670 1992 hactenus
694 1925 900 1992 observatum
933 1934 997 1992 est:
1030 1926 1085 2011 qui
1122 1934 1234 1993 castus

262 2050 332 2099 esse
356 2033 516 2099 desiderat
540 2033 667 2100 studeat
694 2033 869 2113 sobrietati,
892 2034 967 2117 quia
1003 2032 1072 2099 sine
1096 2050 1135 2098 ea
1165 2051 1233 2099 non

263 2139 325 2205 diu,
343 2140 470 2206 castitas
494 2149 542 2206 est
557 2157 671 2207 secura
695 2146 727 2206 et
749 2157 823 2206 cum
848 2139 1033 2224 proliciente
1051 2139 1178 2225 prolicit
1199 2147 1233 2208 et

264 2263 336 2312 cum
354 2246 557 2312 decrescente
574 2245 739 2325 decrescit,
758 2247 830 2312 licet
845 2247 975 2333 qnidam
994 2247 1062 2314 sine
1079 2265 1117 2312 ea
1134 2247 1233 2314 modo

264 2353 390 2420 sibimet
413 2353 511 2432 alind,
537 2354 642 2420 nescio
671 2373 734 2439 qua
759 2347 1004 2439 praesumtione,
1030 2355 1231 2439 promittant

264 2460 374 2526 Omnis
397 2469 503 2527 autem
530 2461 600 2527 laus
623 2461 654 2525 in
680 2461 742 2527 line
766 2461 901 2528 canitur.
927 2459 987 2528 Nec
1003 2461 1111 2540 credo,
1138 2469 1232 2527 tutet

264 2576 367 2632 tantos
393 2567 548 2634 virtutum
572 2568 796 2652 exquisitores,
820 2569 875 2652 qui
901 2567 1097 2651 praedictam
1128 2567 1232 2634 secuti

265 2682 340 2740 sunt
363 2675 518 2760 regulam,
544 2676 573 2740 in
607 2693 665 2742 sua
688 2676 906 2742 aestimatione
931 2675 1099 2760 deceptns;
1128 2694 1234 2740 unus·

265 2781 402 2868 quisquc
425 2783 509 2847 enim
535 2781 570 2846 lu
585 2791 660 2848 urtc
682 2801 749 2848 suo
771 2783 907 2867 sopiens
924 2791 970 2846 cat
985 2781 1008 2861 2,
1032 2790 1064 2847 et
1092 2783 1230 2849 studiosi

266 2888 421 2954 virtutum
447 2888 527 2954 liunt
551 2889 582 2954 iu
611 2905 722 2955 earum
758 2889 920 2955 exercitiis
951 2890 1129 2973 sapientem
1166 2898 1234 2956 stu·

265 2993 343 3059 diosi
372 3011 446 3059 vero
463 2995 646 3061 divitiarum
672 2995 721 3060 vel
747 2995 933 3061 deliciarum
959 3003 989 3060 et
1012 2994 1231 3062 saecularium

265 3099 448 3167 efficiuntur
472 3101 503 3167 in
528 3119 638 3168 earum
664 3101 844 3186 provisione
866 3101 1059 3186 prudentes;
1083 3101 1230 3168 Lucas’:

336 3259 345 3290 ¹
367 3261 433 3314 Vide
452 3263 565 3324 Hieron,
584 3260 731 3316 comment.
744 3262 777 3315 ud
800 3263 887 3314 Titum
905 3261 928 3327 l,
944 3261 976 3314 7:
994 3257 1105 3331 Oportet
1120 3260 1233 3330 Episco-

263 3363 331 3419 pum
350 3358 401 3404 etc.

338 3439 440 3492 *acen
461 3441 504 3506 aa,
524 3441 566 3493 aa.

337 3527 347 3558 ³
367 3528 430 3594 Cap.
451 3530 492 3596 lb,
512 3531 538 3583 8.
