2792 4318
281 228 323 294 88
482 303 487 314 ¹
620 246 708 293 creua
732 243 905 294 secunnus.

633 457 817 524 Carrrncun
841 457 888 526 Vl.

309 672 455 739 [certor
478 668 677 756 reformatio
701 669 736 736 in
760 670 885 756 spirito
909 670 1028 736 meotis
1051 670 1213 737 comittit.

368 885 500 951 laterior
532 883 714 951 reformatio
739 884 769 949 in
802 884 916 969 spiritu
950 884 1064 952 mentis
1089 885 1244 965 consistit,

281 992 356 1078 quia
390 1001 421 1058 et
444 991 576 1057 interior
599 991 695 1056 homo
730 998 760 1056 et
784 991 888 1076 imago
919 991 975 1058 Dei
1007 997 1056 1058 est
1080 1008 1172 1057 meus
1196 1009 1243 1058 ra·

279 1096 422 1175 tionalis;
446 1097 588 1162 exterior
612 1096 708 1161 homo
731 1104 780 1162 est
795 1113 922 1182 corpus,
947 1096 1033 1183 quod
1050 1114 1092 1163 ex
1117 1096 1244 1164 delectu

279 1203 500 1290 corruptionis,
525 1220 607 1289 quae
641 1220 679 1269 ex
713 1210 841 1287 peccato
877 1203 1033 1289 provenit,
1058 1203 1245 1288 languescit,

278 1312 415 1377 moritur
432 1317 463 1377 et
480 1309 692 1389 incineratum
712 1310 843 1376 interior
859 1319 965 1376 autem
985 1311 1080 1376 homo
1102 1311 1134 1377 in
1152 1309 1245 1377 bonis

279 1418 318 1485 de
340 1418 393 1484 die
417 1417 452 1483 in
475 1416 562 1482 diem
586 1417 797 1483 renovatur¹
823 1424 854 1483 et
878 1416 1003 1501 proficit
1034 1417 1066 1482 in
1098 1417 1245 1484 similitu·

279 1524 387 1591 dinem
411 1525 491 1603 eius,
508 1523 547 1589 ad
572 1523 665 1590 cuius
682 1523 851 1608 imaginem
876 1531 1004 1590 creatus
1019 1530 1077 1590 est.
1093 1560 1139 1572 —
1156 1524 1245 1590 Ratio

279 1631 511 1698 reformationis
534 1631 613 1697 haec
637 1636 702 1697 est:
726 1631 833 1696 anima
858 1637 922 1696 tres
948 1629 1044 1698 habet
1077 1633 1244 1718 potentias,

279 1739 361 1806 sicut
373 1737 494 1804 dictum
511 1737 589 1814 θεῖ’,
602 1737 768 1829 rationem,
785 1738 978 1804 voluntatem
995 1745 1027 1804 et
1044 1739 1244 1805 memoriam.

280 1845 368 1912 Ratio
391 1845 466 1910 data
489 1853 558 1910 erat
574 1844 613 1924 ei,
630 1852 665 1909 ut
682 1844 782 1910 Deum
799 1851 1001 1930 agnoscerem
1025 1845 1184 1923 voluntas
1208 1852 1246 1911 ut

279 1967 352 2017 eum
378 1956 518 2026 amaret;
542 1949 706 2029 memoria,
731 1958 767 2014 ut
791 1950 821 2015 in
846 1949 1089 2035 acquiesceret.
1106 1951 1166 2017 Sed
1186 1968 1245 2036 per

280 2065 443 2142 peccatum
471 2057 551 2121 ratio
582 2073 675 2122 caeca
705 2055 788 2123 facta
822 2064 880 2134 est,
904 2055 1053 2122 uoluntas
1075 2073 1177 2123 curra
1212 2061 1245 2123 et

279 2162 381 2241 foeda,
407 2163 560 2228 memoria
584 2162 740 2228 instabilis
763 2171 795 2228 et
819 2180 907 2246 vaga.
932 2162 1021 2229 Ratio
1044 2163 1158 2247 recipit
1174 2179 1244 2230 sae-

278 2269 352 2356 pius
375 2268 490 2334 falsum
517 2287 575 2352 pro
598 2286 692 2347 ver0;
716 2269 864 2335 voluntas
895 2268 984 2352 eligit
1006 2269 1150 2335 deterius
1185 2286 1245 2354 pro

279 2374 379 2454 hoo03
404 2375 557 2440 memoria
581 2383 715 2460 occupat
738 2393 772 2442 se
797 2374 869 2449 illis,
898 2375 1018 2460 quibus
1048 2392 1176 2460 semper
1201 2375 1246 2441 in·

278 2481 449 2567 quietatur,
473 2481 548 2567 quia
572 2500 672 2547 unrrm
697 2489 729 2548 et
752 2499 914 2548 summum
940 2482 1058 2549 bonum
1089 2482 1243 2561 desernit,

279 2589 309 2656 iu
335 2589 528 2675 quaomnia
553 2588 633 2654 bona
658 2597 781 2674 poterat
809 2589 937 2656 habere.
972 2589 1131 2656 Conversa
1167 2607 1245 2656 reru

277 2695 318 2764 ad
345 2696 455 2774 Deum,
481 2695 588 2781 incipit
611 2713 767 2782 quaerere
791 2695 878 2783 qarod
902 2695 1052 2781 perdidit,
1073 2704 1105 2763 et
1128 2696 1244 2763 ridens

278 2819 311 2869 se
336 2801 545 2869 deformatam
569 2802 609 2868 ab
633 2820 681 2882 eo,
697 2802 783 2889 quod
800 2801 882 2868 facta
898 2801 1002 2870 tuerat
1025 2821 1043 2868 a
1067 2801 1142 2880 Deo,
1160 2801 1245 2869 labo

279 2915 338 2988 rat,
362 2916 398 2975 ut
413 2907 444 2974 in
461 2907 632 2994 pristinum
649 2915 765 2976 statum
783 2916 952 2992 reparetur
975 2908 1061 2976 etad
1080 2908 1242 2988 decorem,

278 3032 374 3100 quem
398 3015 559 3093 amiserat,
583 3013 785 3093 reformetur,
802 3013 954 3098 quianon
972 3023 1020 3082 est
1043 3015 1071 3081 ei
1092 3031 1243 3082 accessus

278 3121 319 3190 ad
344 3121 445 3189 Deum
469 3127 600 3207 propter
625 3119 917 3188 dissimilitudinem
938 3121 969 3186 in
987 3139 1021 3188 se
1037 3119 1162 3187 factam.
1180 3119 1242 3188 Sed

278 3229 353 3312 quia
377 3246 439 3294 nou
463 3235 566 3314 potest
589 3235 719 3312 repente
744 3227 784 3293 ad
802 3243 965 3294 summum
983 3227 1162 3312 pervenire,
1178 3233 1244 3294 stu·

278 3333 332 3401 det
356 3335 507 3420 paulatim
543 3334 695 3402 accedere
729 3334 770 3400 de
798 3333 907 3399 infimo
941 3333 981 3400 ad
1015 3334 1169 3412 medium,
1200 3332 1243 3400 de

278 3440 383 3508 medio
405 3442 447 3508 ad
471 3458 645 3508 summurn.

350 3561 359 3594 ¹
380 3563 407 3616 ll.
426 3563 485 3619 Cur.
507 3564 530 3631 t,
552 3565 595 3619 te.
832 3560 927 3631 'Cap
946 3564 971 3617 5.
