2742 4320
301 148 366 216 354
654 169 742 215 utana
766 168 904 216 cunutus.

301 271 469 340 beatorum
494 279 525 340 et
550 281 655 340 mente
678 273 880 358 perambulat
903 272 1048 340 caelestis
1071 273 1186 360 patriae
1205 291 1250 339 ua·

301 379 366 446 rias
389 379 587 460 mansiones3
613 397 654 446 ex
679 378 797 466 quibus
821 379 971 446 omnibus
987 379 1037 446 uei
1055 379 1182 466 singulis
1201 397 1249 445 oor

301 485 505 552 exhilaratur
527 494 560 552 et
593 487 684 573 quasi
720 485 862 552 iucunda
898 486 1038 553 uolucris
1072 486 1250 572 quandoque

301 592 410 660 clauso
434 600 563 678 pectore
586 593 670 660 ludit
693 594 723 659 in
749 592 849 659 inbilo
865 600 896 660 el
911 593 1026 669 affectu
1043 592 1250 660 exsultationis

300 706 333 766 et
356 698 470 776 laudis,
494 699 584 783 qnasi
609 705 743 784 quaerat
765 699 857 766 exire
880 699 920 766 de
943 706 1080 784 augusto
1111 698 1250 786 pettoris;

301 804 494 872 Pmlmus1:
522 805 586 871 Cor·
610 823 720 872 meum
744 814 775 870 et
797 825 879 872 caro
903 825 978 872 rnen
1013 805 1250 872 occultaverunt

301 910 337 977 t'n
362 912 466 977 Deum
490 911 613 978 uiuum.
631 949 674 958 -
692 911 737 978 Ex
754 911 995 978 admirationis
1017 920 1161 998 stupore,
1175 928 1250 990 cum,

300 1017 479 1084 illuminato
505 1017 665 1084 intellectu
689 1017 814 1102 fulgore
846 1018 1030 1106 sapientiae,
1063 1025 1167 1104 stupet
1196 1034 1249 1084 ma·

299 1124 496 1210 gnitudinem
523 1125 680 1208 potentiae
704 1124 759 1190 Dei
776 1132 809 1191 et
825 1124 1073 1208 profunditatem
1091 1123 1247 1209 sapientiae

300 1238 332 1299 et
354 1232 543 1297 suavitatem
571 1229 772 1316 benignitatis
795 1231 875 1311 eius,
894 1232 942 1298 rel
967 1232 1185 1298 discretionem
1208 1231 1248 1298 in·

302 1338 458 1406 diciorum
484 1339 564 1418 eius,
588 1339 638 1405 uel
667 1339 817 1422 abyssum
852 1338 1006 1406 claritatis
1037 1347 1069 1406 et
1092 1339 1249 1424 incompre-

300 1444 547 1512 hensibilitatem
574 1445 795 1512 immensitatis
808 1446 891 1525 eius,
908 1445 957 1512 vei
979 1445 1135 1532 quidquid
1159 1445 1249 1512 estda

299 1559 415 1618 natura
440 1551 615 1618 divinitatis
638 1551 707 1637 eius
731 1559 763 1619 et
785 1551 887 1636 gioria
911 1554 1085 1622 maiestatis
1110 1554 1158 1620 voi
1185 1570 1250 1638 quo

300 1658 454 1724 rumiibot
477 1675 612 1743 operum
637 1658 706 1725 eius
727 1658 907 1725 admirabili
933 1661 1072 1738 ratione;
1098 1660 1149 1726 lob
1171 1660 1250 1744 trige

300 1765 381 1832 simo
405 1765 541 1850 septimo
559 1763 589 1829 ²:
615 1765 760 1856 Mupaue
789 1761 990 1851 fortitudine
1020 1775 1049 1832 ct
1080 1765 1200 1832 iudicio
1226 1769 1249 1830 el

300 1870 432 1938 iustitio
458 1872 546 1937 Dens
569 1870 780 1960 ctenorrota'
794 1889 861 1936 noa
874 1880 990 1956 potest,
1008 1871 1080 1939 ideo
1105 1870 1248 1938 timebunt

299 1997 375 2044 eona
398 1978 476 2044 ut'rt'.
501 1976 745 2063 -Aliquando
769 1977 968 2044 commixtim
993 1997 1034 2046 ox
1060 1979 1245 2047 diversarum

299 2083 503 2150 affectionum
527 2083 668 2150 motibus
691 2083 819 2149 devotio
841 2082 1010 2165 condatur,
1027 2093 1063 2152 nt
1080 2086 1172 2151 timor
1186 2099 1245 2152 cnm

300 2188 420 2269 dolore,
444 2207 534 2255 amor
558 2207 630 2256 cum
656 2188 773 2274 gaudio
797 2197 829 2255 ot
851 2189 1072 2271 admiratione,
1088 2189 1246 2276 compassio

300 2313 373 2362 enm
398 2295 548 2362 desiderii
573 2296 688 2362 ardore
713 2296 882 2382 iungatnr3
906 2304 938 2363 et
960 2298 1050 2383 qttasi
1069 2304 1204 2364 aromata
1217 2293 1247 2360 si·

299 2402 367 2469 mui
392 2399 528 2470 contrita
552 2402 676 2488 liquore
700 2419 858 2487 supernae
874 2403 1033 2472 unctionis
1049 2411 1206 2490 conupacta
1222 2407 1246 2468 el

300 2507 405 2576 calore
429 2509 511 2595 ignis
534 2508 633 2576 divini
658 2509 788 2576 decocta
811 2509 1009 2594 pigmentum
1039 2510 1177 2578 salutare
1197 2503 1247 2575 edi·

299 2615 397 2696 citant,
414 2617 564 2683 sanandis
587 2616 769 2683 animarum
794 2616 1002 2703 languoribus
1025 2616 1139 2686 efficax
1162 2624 1191 2684 et
1208 2633 1248 2683 sa-

301 2720 404 2801 lubre,
428 2719 510 2790 sicut
534 2722 589 2803 iili,
606 2723 660 2808 qni
678 2723 841 2808 pigmenta
856 2723 999 2790 sanitatis
1014 2724 1192 2812 conficiunt,
1205 2721 1249 2788 aii·

299 2828 428 2914 quando
453 2828 493 2896 de
517 2827 661 2914 singulis
685 2828 858 2914 aliqnando
881 2828 922 2916 de
945 2828 1095 2915 pluribus
1118 2837 1149 2896 ot
1168 2826 1248 2896 modo

300 2935 340 3002 de
364 2935 437 3014 iilis,
462 2937 557 3002 modo
591 2936 631 3003 de
664 2936 732 3002 istis
764 2935 1023 3022 compositionem
1055 2936 1174 3005 faciunt
1201 2952 1249 3022 pro

300 3043 398 3110 uariis
421 3043 638 3110 remediorum
664 3044 778 3110 causis.

391 3149 420 3216 3.
445 3149 523 3216 Cum
549 3157 656 3217 aulem
681 3150 808 3216 devotio
831 3150 872 3218 sit
895 3150 966 3237 piae
989 3150 1164 3218 affectionis
1192 3149 1249 3238 pin-

299 3257 404 3341 guedo
428 3263 459 3324 et
496 3258 601 3342 magis·
632 3275 665 3323 se
690 3257 805 3324 babeat
838 3256 879 3324 ad
914 3257 1062 3325 affectum
1095 3275 1188 3346 qnam
1216 3253 1248 3322 ad

300 3363 508 3443 intellectum,
532 3365 615 3432 sicut
639 3363 739 3431 uideri
766 3371 868 3448 potest
891 3363 922 3429 in
947 3364 1148 3452 simplicibus
1170 3365 1248 3431 dero

371 3487 380 3518 ¹
401 3490 443 3542 Ps.
463 3491 505 3556 8³,
526 3490 551 3542 3.
857 3485 867 3520 ²
889 3491 962 3544 Vera
982 3490 1026 3544 23.
1045 3505 1101 3558 seq.
