2742 4320
295 190 361 258 338
650 209 739 256 crona
762 209 903 256 mantua.

279 377 281 381 .
296 312 332 380 Et
344 314 403 380 iste
416 314 531 381 modus
544 313 670 380 videtur
683 313 874 400 expeditior,
886 320 922 380 nt
935 313 1089 399 speciales
1099 313 1265 380 orationes

295 427 372 487 tnnc
384 437 426 487 ex
442 421 522 488 bona
538 420 769 488 consuetudine
786 421 1001 499 ruminentur,
1014 419 1144 505 quando
1158 419 1263 488 maior

294 546 356 595 non
382 528 519 594 habetur
543 528 679 594 devotio.
704 528 839 613 Quando
875 545 951 594 vero
987 527 1175 614 supervenit
1201 545 1264 594 me

294 633 354 700 lior
379 635 557 702 devotionis
581 634 698 702 infusio
723 636 772 701 vel
797 635 906 704 utilior
930 642 962 702 et
986 635 1060 721 plus
1076 652 1199 720 urgens
1215 653 1263 702 oc·

294 743 432 827 cupatio,
456 750 626 810 consuetae
652 743 903 810 intermittantur
927 743 1098 822 orationes
1114 742 1154 808 ad
1181 759 1263 828 quas

296 848 368 934 quis
391 867 456 914 nou
480 857 616 928 tenetur,
633 849 734 916 donec
751 857 879 934 tempus
903 849 1014 917 redeat
1029 855 1262 934 opportunum.

384 957 414 1020 2.
428 954 545 1038 Quales
557 964 665 1021 autem
679 956 838 1022 orationes
851 956 913 1022 sint
927 955 1083 1035 utiliores,
1096 963 1186 1040 puto,
1200 973 1263 1022 non

294 1078 386 1146 posse
402 1079 500 1145 super
524 1062 583 1128 lroc
609 1061 799 1128 uniformem
816 1062 885 1128 dari
904 1062 1059 1148 regulam,
1075 1079 1161 1141 cnm,
1177 1061 1263 1128 sicut

294 1169 334 1235 de
350 1168 428 1234 cinis
445 1168 598 1251 corporis,
611 1169 739 1236 diversa
753 1169 889 1236 diversis
905 1169 1104 1247 conveniant,
1115 1175 1148 1233 et
1165 1167 1263 1234 modo

295 1274 365 1353 hoc,
381 1275 476 1341 modo
501 1275 581 1342 illud
600 1277 705 1368 „magis
729 1276 866 1342 delectet
886 1275 1044 1342 edentem.
1062 1275 1120 1340 Sed
1141 1275 1201 1340 hoc
1220 1274 1262 1340 ri-

296 1381 390 1448 detur
415 1389 490 1448 tuno
525 1400 595 1450 esse
629 1383 836 1462 fructuosius,
865 1383 952 1468 quod
986 1391 1130 1449 orantem
1156 1381 1261 1466 magis

295 1489 472 1554 secundum
498 1489 598 1556 Deum
630 1489 766 1556 delectat
789 1496 821 1557 et
852 1489 937 1575 quod
962 1487 1141 1556 devotionis
1170 1487 1263 1573 spiri·

298 1602 366 1661 tum
393 1596 572 1680 promptius
595 1597 714 1662 excitat
736 1606 768 1663 et
792 1597 908 1662 mentis
932 1595 1084 1662 fiduciam
1108 1595 1206 1680 erigit
1230 1596 1262 1662 in

288 1701 407 1768 Deum.
432 1739 476 1750 -
499 1702 609 1768 Omnis
633 1703 730 1787 igitur
754 1703 907 1770 orationis
929 1701 1055 1769 fructus
1070 1681 1103 1769 et
1118 1701 1191 1768 finis
1212 1711 1263 1770 est

294 1808 361 1874 Deo
385 1805 570 1875 adhaerere
593 1817 623 1875 ct
645 1828 736 1876 uuus
759 1828 836 1876 cum
861 1828 897 1876 co
919 1808 1064 1895 spirituo
1083 1807 1177 1877 fieri¹
1201 1827 1262 1896 per

295 1912 550 1998 liquefactionem
586 1914 749 1998 purissimi
789 1914 909 1981 amoris
939 1921 971 1982 et
1007 1914 1261 2000 speculationem

295 2019 518 2087 serenissimae
534 2020 722 2106 cognitionis
737 2029 769 2088 et
784 2020 1025 2088 absconsionem
1045 2021 1076 2087 in
1092 2021 1148 2088 Dei
1166 2021 1262 2088 vultu

294 2124 335 2192 ab
351 2126 437 2191 omni
454 2126 693 2194 mundanorum
717 2128 853 2214 strepitu
871 2145 927 2214 per
943 2144 1115 2195 excessum
1132 2128 1262 2214 quietis

295 2233 395 2300 simae
418 2232 589 2314 fruitionis,
612 2234 668 2301 nni
691 2252 803 2302 omnes
826 2235 912 2302 vires
939 2235 1066 2302 animae
1088 2242 1122 2302 et
1148 2242 1262 2322 poten·

295 2339 356 2406 tiae
380 2359 399 2405 a
422 2341 489 2408 suis
512 2340 765 2428 dispersionibus
782 2342 879 2410 simul
893 2342 1044 2409 collectae
1060 2349 1093 2408 et
1107 2341 1140 2408 in
1157 2359 1260 2410 unnm

295 2465 409 2514 rerum
433 2455 465 2514 et
487 2448 759 2534 simplicissimum
784 2458 816 2517 et
839 2444 1001 2516 sninmnm
1024 2448 1146 2517 bonum
1164 2449 1260 2530 lixae,

295 2555 327 2620 in
351 2555 511 2640 quandam
536 2555 663 2622 divinae
687 2555 945 2623 conformationis
968 2563 1000 2624 et
1022 2563 1174 2624 aeternae
1201 2564 1261 2626 sta·

296 2660 427 2728 bilitatis
450 2661 692 2730 similitudinem
716 2661 995 2731 transformantur.
1062 2697 1067 2708 ·

622 2841 805 2908 Carrrunuu
830 2839 927 2910 LXlll.

373 3016 550 3120 'cruditos
573 3017 776 3106 quibusdum
798 3016 1021 3106 infertoribus
1041 3017 1180 3105 proficit

495 3124 615 3191 citima
638 3125 686 3192 ud
703 3126 918 3212 praedictum
941 3125 1050 3213 fincta.

385 3305 412 3369 l.
437 3304 517 3370 Sunt
540 3312 647 3372 autem
672 3305 803 3390 quidam
828 3304 995 3372 inferiores
1017 3304 1140 3389 gradus
1163 3304 1256 3391 qnasi

293 3408 432 3477 scalares
455 3428 618 3492 ascensus,
634 3411 752 3497 quibus
768 3411 922 3498 paulatim
946 3410 1072 3497 proficit
1095 3411 1204 3478 anima
1227 3419 1258 3480 et

366 3532 375 3564 ¹
396 3537 414 3587 l.
432 3533 492 3588 Cor.
511 3537 538 3603 6,
561 3535 602 3589 ll.
