2742 4320
305 213 369 282 372
657 231 745 280 trena
769 232 907 280 nunrrus.

303 338 365 406 lius
388 356 426 406 ea
449 337 530 405 scire
553 337 599 404 uti
631 344 662 405 et
693 338 815 422 gratius
847 338 988 425 recipere
1011 346 1042 405 et
1064 338 1265 408 fructuosius

302 444 487 532 impendere
510 451 541 512 et
565 445 672 513 miuus
696 445 855 530 negligere
878 459 974 532 quam
998 446 1063 526 alii,
1086 446 1140 534 qui
1156 447 1263 516 simile

302 553 423 620 donum
446 552 567 638 gratiae
590 561 792 639 acceperunt.

392 663 421 726 6.
447 660 562 726 Contra
585 659 725 746 priorem
743 660 944 728 tentationem
963 659 1195 728 haesitationis
1210 681 1263 728 va-

301 766 344 834 let
366 773 513 834 constans
537 764 655 833 fiducia
678 766 886 846 credulitatis,
909 768 994 854 qnod
1019 787 1038 834 a
1062 768 1129 836 Deo
1145 769 1262 836 sitista

302 874 418 960 gratim
434 882 465 941 et
480 872 615 958 diligens
630 873 854 942 consideratio
870 875 970 960 ipsius
986 876 1118 961 gratiae,
1134 877 1160 944 si
1177 894 1261 944 sem-

300 997 359 1066 per
382 981 444 1048 sint
467 987 573 1048 motus
596 980 666 1048 eius
689 979 731 1048 ad
754 980 874 1048 bonum
899 989 1041 1060 tantum;
1073 990 1105 1050 et
1128 981 1261 1051 humilis

301 1087 500 1156 consultatio
523 1105 621 1172 super
637 1087 692 1154 illa
707 1087 794 1172 apud
810 1087 949 1175 aliquem
967 1089 1105 1174 peritum
1122 1098 1154 1157 et
1169 1106 1261 1157 exer·

300 1193 431 1262 citatum
445 1195 476 1260 iu
493 1194 624 1274 talibus3
640 1202 673 1261 et
685 1202 844 1280 prompta
855 1194 1009 1262 volontas
1026 1196 1259 1282 acquiescendi,

300 1300 437 1386 qualiter
461 1299 493 1366 in
517 1299 619 1384 gratia
642 1300 756 1367 debeat
780 1317 813 1367 se
829 1300 966 1381 laborm
982 1309 1014 1368 et
1030 1302 1167 1388 supplex
1183 1321 1260 1370 ora·

302 1406 347 1474 tio
370 1407 410 1474 ad
435 1407 547 1486 Deum,
570 1424 610 1474 ne
635 1406 807 1492 permittat,
831 1406 993 1477 hominem
1009 1408 1112 1494 decipi
1128 1427 1147 1474 a
1162 1425 1259 1476 sensu

301 1514 430 1599 proprio
455 1513 504 1580 vel
540 1512 654 1597 spiritu
689 1513 802 1580 alieno.
827 1551 868 1562 -
896 1513 1013 1582 Contra
1036 1513 1168 1582 alteram
1193 1525 1260 1582 tou-

220 1705 224 1712 ·
301 1619 418 1686 tionem
453 1618 606 1687 elationis
641 1619 746 1686 ualent
777 1619 913 1706 diligens
943 1621 1086 1708 cognitio
1111 1621 1259 1708 propriae

300 1726 495 1816 indignitatis
511 1733 542 1794 et
559 1726 677 1812 teporis
692 1733 724 1794 et
747 1726 956 1813 negligentiae
976 1735 1008 1795 et
1023 1728 1260 1813 ingratitudinis

301 1840 333 1900 et
356 1833 458 1900 inanis
481 1833 622 1918 gloriae;
645 1842 677 1901 et
700 1833 812 1900 timida
845 1834 1043 1921 exspectatio
1071 1835 1259 1902 reddendae
1336 1893 1337 1934 ἱ

299 1939 445 2006 rationis
468 1940 508 2007 de
544 1939 645 2026 gratia
680 1939 794 2007 collata
828 1947 860 2007 et
895 1941 1053 2027 neglecta3
1079 1949 1112 2008 ct
1132 1941 1260 2028 pauido

299 2046 483 2132 suspicatio
519 2045 756 2114 subtrahendae
791 2047 911 2132 gratiae
945 2055 977 2115 et
1003 2048 1260 2116 derelictionisa

299 2153 365 2220 Deo
387 2161 518 2240 propter
534 2151 611 2220 vitia
634 2161 829 2240 praenotata,
846 2154 965 2222 iamdiu
982 2173 1079 2222 eausa
1094 2157 1261 2224 muroctio

298 2259 349 2326 nis
371 2260 506 2328 tolerata
529 2267 560 2326 et
583 2279 646 2328 non
670 2261 856 2341 emendata3
879 2270 911 2329 et
939 2261 1094 2328 studiosa
1116 2262 1261 2330 carmide·

299 2364 390 2432 ratio
413 2365 561 2444 aliorum,
584 2364 638 2451 qui
675 2365 707 2432 iu
742 2364 854 2452 gratia,
886 2366 917 2432 in
954 2366 1128 2434 virtutibus
1163 2375 1195 2435 et
1226 2367 1259 2434 iu

299 2472 449 2540 omnibus
486 2472 578 2540 honis
612 2471 728 2541 studiis
767 2473 1057 2558 incomparabiliter
1080 2491 1138 2542 uos
1165 2491 1259 2560 prae

299 2578 428 2646 cellunt.
1096 2641 1102 2649 .

389 2687 418 2752 7.
442 2687 563 2770 Quarta
585 2686 667 2755 ratio
689 2695 820 2773 negatae
844 2687 1030 2766 devotionis,
1064 2706 1138 2756 cum
1162 2706 1261 2774 quan·

300 2792 404 2879 doque
428 2793 604 2862 studiosius
638 2794 816 2880 quaeritur,
839 2803 897 2874 est,
920 2795 996 2881 quia
1018 2794 1192 2882 aliquando
1214 2813 1257 2862 ex

299 2899 479 2985 impetuoso
502 2900 609 2968 cordis
632 2909 746 2969 conatu
770 2900 907 2968 libertas
922 2902 1040 2968 mentis
1055 2901 1258 2978 obstruitur,

299 3110 416 3180 lectrum
441 3113 617 3182 devotionis
640 3114 840 3200 exprimere3
864 3120 895 3182 et
917 3114 944 3182 si
968 3132 1030 3181 non
1061 3113 1153 3182 iuxta
1175 3113 1258 3184 desi-

300 3220 426 3288 derium
450 3220 556 3288 cordis
578 3222 683 3289 statim
710 3229 811 3308 potest
833 3221 949 3291 elicere
972 3221 1106 3308 gratiam
1136 3219 1258 3308 quaesi-

299 3334 376 3408 tam,
399 3328 604 3396 contristatur
628 3337 659 3396 et
688 3329 827 3415 amplius
861 3347 902 3398 ex
940 3329 999 3398 lroc
1023 3329 1204 3408 induratur,
1225 3335 1257 3396 et

299 3454 364 3521 quo
379 3436 589 3523 impetuosius
605 3435 692 3522 cupit
708 3453 742 3503 se
758 3436 798 3503 ad
815 3435 1016 3504 devotionem
1032 3452 1155 3522 cogere,
1172 3442 1256 3501 tauto

300 3543 406 3610 minus
431 3543 555 3628 prolicit
576 3552 609 3612 et
631 3543 769 3630 amplius
799 3543 924 3623 arescit,
957 3543 1041 3610 sicut
1070 3541 1125 3628 qul
1149 3541 1255 3608 botrus

300 3005 377 3073 dum
402 3007 492 3094 quasi
517 3025 575 3095 per
600 3007 768 3076 violentam
792 3009 1010 3076 extorsionem
1033 3008 1190 3076 accelerat
1213 3008 1258 3075 al·
1333 3041 1334 3066 l
