2792 4318
313 243 356 309 et
651 260 740 308 arsen
764 259 941 308 sncnnnns.

312 367 452 435 sibilium
477 384 586 434 amore
610 367 733 446 cecidit,
757 367 824 434 sola
848 368 910 433 iam
936 366 1075 433 visibilia
1097 383 1137 433 ex
1155 365 1264 452 peceati

313 493 415 562 poena
450 474 620 560 cognoscit,
644 473 712 540 sola
747 491 784 541 ea
808 473 921 559 diligit,
953 473 1029 540 solis
1064 475 1110 540 eis
1133 474 1266 542 inhaeret

311 589 343 650 et
377 580 557 659 invisibilia,
591 579 682 666 quasi
715 598 777 647 non
813 581 886 660 sint,
922 582 1093 666 postponit,
1125 581 1217 646 immo
1238 585 1266 645 et

311 687 421 766 nescit,
446 686 488 752 ita
511 685 596 771 quod
622 685 713 770 pauci
736 684 843 752 induci
861 685 983 772 possint
1007 685 1046 751 ad
1069 685 1266 764 credendum,

312 793 337 860 si
362 793 403 860 sit
425 791 546 878 aliquid
571 800 664 858 extra
684 808 731 870 ea,
748 808 831 876 quae
850 791 996 857 ridemus
1012 800 1044 858 et
1059 808 1189 876 corpore
1204 807 1266 858 sen·

312 899 418 965 timus.
446 898 481 964 Et
505 897 547 963 ita
582 897 663 964 ratio
694 915 787 963 caeca
810 905 857 964 est
894 897 925 962 in
960 897 1078 977 anima,
1109 897 1191 983 quod
1216 913 1267 964 nec

311 1004 471 1089 cognoscit
495 1021 529 1071 se
546 1002 658 1088 ipsam,
682 1021 754 1069 cum
777 1002 846 1089 ipsa
862 1003 903 1068 sit
919 1020 960 1070 ex
986 1003 1046 1082 liis,
1070 1021 1150 1090 quae
1172 1002 1267 1070 oculis

311 1109 416 1177 carnis
441 1109 541 1176 rideri
578 1128 639 1175 non
674 1117 816 1194 possunt,
839 1117 870 1175 et
894 1111 939 1176 sic
964 1128 1026 1176 non
1055 1109 1156 1176 solum
1180 1125 1267 1176 caeca

311 1224 368 1295 est,
394 1217 447 1282 sed
474 1217 570 1282 etiam
595 1215 703 1295 stulta,
726 1216 802 1301 quia
818 1233 932 1284 caecus
948 1215 1051 1282 credit
1068 1215 1176 1295 multa,
1192 1230 1268 1300 qnae

313 1341 374 1389 non
401 1323 498 1402 videt,
522 1330 554 1389 et
585 1323 644 1390 lroc
676 1330 724 1389 est
760 1323 791 1389 in
827 1322 1020 1389 infidelibus.
1053 1322 1128 1389 lude
1156 1322 1267 1388 lactum

312 1439 370 1509 est,
394 1438 430 1496 ut
455 1430 548 1496 modo
582 1438 711 1515 appetat
734 1439 861 1496 terrena
896 1437 928 1495 et
959 1429 1034 1495 vilia
1065 1437 1097 1496 et
1131 1429 1219 1496 loeda
1240 1433 1267 1494 et

312 1536 375 1604 illis
400 1554 456 1622 per
479 1554 621 1603 amorem
654 1535 819 1603 inhaereat
842 1544 873 1602 et
904 1553 962 1620 pro
1000 1553 1115 1621 magno
1138 1542 1265 1622 reputet,
1360 1551 1361 1578 ³

312 1641 366 1727 qui
391 1658 428 1708 ea
452 1641 568 1726 poterit
590 1641 734 1726 adipisci.

401 1748 432 1814 l.
457 1746 620 1833 lppetitns
643 1743 781 1812 honoris
802 1747 896 1813 datus
920 1747 948 1813 ei
971 1746 1087 1827 luerat,
1105 1756 1141 1815 ut
1162 1745 1268 1814 altissi-

313 1869 401 1918 mum
420 1852 573 1919 honorem
598 1851 805 1932 desideraret,
830 1851 949 1919 scilicet
966 1852 1030 1919 Deo
1051 1853 1185 1938 plaeere,
1201 1851 1268 1919 ami·

312 1976 384 2028 cum
404 1959 458 2026 Dei
483 1975 552 2026 esse
576 1958 725 2025 etlilium
742 1967 774 2025 et
790 1957 941 2025 heredem
958 1967 990 2026 et
1007 1960 1071 2026 Deo
1094 1960 1223 2027 similari
1240 1965 1268 2026 et

311 2065 339 2132 ei
364 2082 569 2150 conregnare,
593 2082 654 2130 nnn
679 2082 720 2130 ea
745 2063 937 2149 aequalitate
962 2065 1131 2151 potentiae,
1154 2067 1208 2134 sed
1230 2082 1267 2132 ex

312 2171 486 2238 imitatione
512 2170 676 2249 bonitatis3
701 2171 787 2248 item,
811 2189 901 2236 unus
925 2190 999 2238 cum
1027 2173 1090 2239 Deo
1112 2171 1188 2258 fieri
1208 2171 1267 2258 spi·

311 2278 425 2344 ritus¹
450 2287 483 2344 et
505 2277 648 2363 aequalis
672 2277 796 2362 Angelis
821 2277 889 2344 lieri
907 2287 938 2345 et
954 2278 1034 2345 nulli
1052 2279 1183 2348 subesse
1214 2276 1266 2346 nisi

311 2403 439 2452 summo
471 2386 603 2452 Domino
634 2386 796 2465 omnium;
822 2386 908 2464 itent,
932 2395 973 2452 nt
991 2405 1025 2454 se
1049 2395 1155 2456 mutae
1177 2386 1267 2474 digni·
1359 2433 1360 2458 t

311 2493 384 2557 tatis
408 2499 604 2576 agnosceret,
628 2490 775 2576 eoquod
800 2491 971 2578 imaginem
996 2494 1051 2561 Dei
1077 2495 1108 2562 in
1125 2513 1159 2562 se
1182 2495 1267 2562 hane·

311 2604 370 2678 ret,
395 2606 430 2664 ut
455 2597 534 2663 nulli
571 2597 712 2664 inferiori
747 2615 781 2664 se
805 2597 993 2684 dignaretur
1025 2602 1193 2680 subiicere,
1215 2597 1265 2666 seli

311 2705 454 2771 omnium
480 2704 613 2771 Domino
637 2704 800 2772 subiectus
823 2712 855 2771 et
878 2705 1031 2774 obediens
1054 2714 1086 2774 et
1109 2721 1266 2774 examore

311 2811 499 2890 adhaerens,
523 2818 555 2878 et
579 2810 702 2896 reliqua
738 2811 800 2878 snb
823 2812 888 2878 Deo
912 2831 971 2898 pro
995 2814 1153 2900 cuiusque
1177 2811 1265 2900 digni·

311 2924 374 2985 tate
397 2918 568 2985 aestimans
591 2925 623 2984 et
646 2925 739 2984 utens
764 2919 940 2987 ministerio
958 2928 1125 2988 creaturae
1140 2941 1200 3008 pro
1214 2936 1265 2988 sm

311 3024 444 3090 utilitate
475 3032 506 3092 et
531 3023 654 3090 Domini
681 3025 852 3094 voluntate.
878 3026 958 3095 llaec
982 3036 1051 3094 erat
1073 3039 1194 3096 coneto
1214 3047 1264 3094 sn·

307 3129 426 3215 perdiu
448 3149 542 3198 omne
567 3131 715 3199 indecens
739 3132 903 3218 despicere
926 3142 958 3201 et
981 3132 1049 3202 sola
1072 3135 1154 3202 bona
1178 3150 1265 3222 appe

310 3246 377 3304 tere
401 3245 431 3305 et
455 3237 599 3324 diligere.
617 3240 638 3306 E
654 3240 814 3307 contrario
831 3240 925 3307 modo
947 3241 1068 3327 appetit
1085 3238 1265 3310 dominibus

305 3341 439 3429 puoera
452 3343 476 3421 ¹,
493 3344 626 3430 gloriam
643 3345 684 3411 ab
701 3345 885 3412 hominibus
897 3364 1063 3431 quaerere,
1076 3366 1160 3434 quae
1175 3347 1264 3416 lallar

381 3482 391 3515 ¹
411 3486 428 3538 1.
447 3484 506 3539 Cor.
525 3487 551 3553 e,
572 3487 615 3540 t7.

380 3572 463 3627 'Clu
482 3575 536 3627 Gal.
557 3577 582 3639 l,
603 3575 650 3642 lll;
671 3575 766 3629 deinde
785 3577 802 3628 l.
822 3577 916 3630 Thess.
935 3579 960 3646 2,
980 3579 1005 3631 6.
