2742 4320
276 199 340 266 348
629 217 719 264 uruun
743 215 883 266 rannus.

277 339 416 409 namque
440 321 588 402 dicimus
612 321 741 408 quando
774 320 931 388 ineffabile
963 320 1115 406 gaudium
1152 337 1245 386 urens

276 430 422 514 concipit,
446 428 531 515 quod
557 446 614 496 uec
637 428 789 496 abscondi
814 427 914 514 possit
949 445 1007 495 neo
1037 425 1246 494 sermonibus

275 536 405 622 aperiri,
417 543 449 602 et
466 544 570 603 tamen
586 535 780 622 uiribusdarn
801 535 940 602 rnotibus
956 533 1114 621 proditur,
1132 550 1246 620 quani·

275 642 324 710 vis
348 643 446 710 nuitis
470 642 538 710 suis
561 641 812 728 proprietatibus
834 641 980 728 aperitur
996 668 1028 705 ι.
1057 640 1148 708 Unde
1167 639 1248 706 Psal-

275 748 377 815 mus¹
403 748 495 816 dicit:
521 749 646 816 Beatus
663 747 820 834 populos,
833 748 893 836 qui
910 747 975 814 scit
990 745 1248 820 dubitationem,-

275 873 338 921 non
362 854 422 920 ait:
447 855 508 942 qui
529 854 703 933 decresco
728 855 789 944 qui
809 851 883 933 s‘cr‘t,
907 856 983 941 quia
1007 855 1079 922 sciri
1107 853 1247 938 quidem

276 959 420 1029 iubilatio
443 969 556 1047 potest,
581 961 636 1030 sed
662 962 752 1029 dictu
774 961 914 1048 exprirni
938 979 1000 1028 non
1027 968 1141 1046 potest.

365 1065 395 1134 3.
414 1066 566 1134 Ebrietas
585 1067 728 1154 spiritus
744 1075 849 1154 potest
865 1068 926 1135 dici
947 1067 1109 1154 quaelibet
1127 1085 1247 1152 inagna

201 1215 205 1224 ·
275 1175 393 1240 amoris
417 1182 448 1241 et
472 1175 578 1260 gaudii
604 1175 740 1256 deuotio,
764 1193 805 1242 ex
830 1193 893 1262 qua
917 1175 1008 1260 quasi
1034 1193 1073 1242 ex
1101 1175 1169 1240 riui
1188 1173 1246 1240 tor·

276 1280 412 1348 titudine
436 1279 543 1348 ferror
567 1281 700 1366 spiritus
723 1282 891 1361 excrescit,
915 1281 1001 1368 quod
1027 1299 1061 1349 se
1093 1281 1182 1347 intra
1214 1297 1246 1346 se

275 1388 424 1456 cohibere
453 1405 514 1454 nou
545 1387 638 1455 vetet.
672 1388 759 1456 Unde
783 1389 931 1474 Apostoli,
967 1388 1105 1474 Spiritus
1141 1387 1245 1454 sancti

277 1495 403 1562 terrore
426 1503 619 1574 aestuantes,
643 1503 752 1561 orosto
785 1493 903 1580 pteni’
935 1495 1146 1573 dicebantur3
1173 1493 1244 1560 iob:

277 1603 338 1680 En,
362 1609 473 1668 venter
498 1619 590 1668 meets
613 1603 715 1690 quusi
736 1611 886 1669 mustum
909 1601 1033 1688 ubsque
1053 1601 1243 1687 spiraculo,

259 1709 364 1796 ‘qood
387 1707 589 1795 deponendos
612 1728 718 1776 novos
734 1709 920 1794 diremptu
943 1727 1050 1776 novus
1072 1710 1162 1788 dicit,
1180 1725 1241 1776 uon

274 1823 408 1894 ueteres,
435 1815 484 1882 vei
508 1817 583 1902 qnia
607 1815 769 1883 veteribus
792 1817 945 1882 cordibus
968 1833 1031 1882 non
1061 1815 1243 1882 infunditur

274 1923 346 1990 talis
370 1923 507 2002 devotio,
532 1923 587 1990 sed
614 1924 714 2001 novis,
737 1923 767 1988 id
785 1930 834 1990 est
850 1922 886 1988 in
908 1923 1054 1989 nutritore
1068 1923 1159 1990 vitoe
1174 1941 1242 1988 aar·

165 2024 174 2040 '
276 2028 489 2106 botontibos;
515 2029 562 2095 ret
586 2048 692 2096 uonna
708 2028 784 2096 dicit
800 2037 931 2115 propter
947 2029 1169 2097 fortitudinem
1187 2028 1243 2094 iun·

275 2145 368 2221 petus
392 2135 535 2220 spiritus,
560 2133 617 2221 qui
639 2137 787 2202 sinores
807 2136 973 2220 dirumpit,
989 2142 1111 2222 quanto
1138 2134 1240 2219 inagis

275 2251 410 2321 ueteres
434 2242 465 2308 id
490 2249 537 2308 est
557 2242 720 2328 fragiliora
736 2243 833 2309 corda
849 2250 880 2309 et
897 2241 1042 2322 infirma;
1067 2242 1118 2308 rei
1135 2257 1241 2308 novus

275 2348 362 2427 dicit,
386 2348 462 2434 quia
486 2347 558 2414 tatis
593 2347 716 2427 fervor¹
736 2348 868 2433 spiritus
903 2349 993 2416 noris
1028 2355 1060 2416 et
1095 2347 1238 2415 noudum

275 2453 459 2520 exercitatis
483 2453 643 2520 ruentibus
666 2471 769 2538 nuper
793 2433 919 2520 infusus
939 2454 1046 2520 rninus
1069 2469 1140 2522 sese
1156 2451 1240 2520 vaiet

275 2560 434 2638 cohibere,
450 2559 526 2646 quin
551 2567 700 2647 erumpat
723 2577 781 2646 per
804 2559 972 2628 inusitatos
995 2567 1104 2644 gestus
1123 2559 1171 2628 rei
1188 2575 1239 2624 ro

275 2685 327 2735 ces
344 2667 393 2735 vet
411 2668 581 2754 singultus
597 2669 679 2736 sicut
697 2669 807 2735 vinum
824 2686 943 2735 noruru
968 2669 999 2734 in
1026 2685 1100 2734 vase
1115 2665 1237 2744 contria,

275 2776 360 2862 quod
385 2775 597 2842 inveteratum
614 2775 758 2861 quiescit.
778 2811 822 2824 «-
846 2774 1045 2860 Quandoque
1059 2775 1156 2841 etiarn
1172 2788 1239 2840 cor.-

275 2901 336 2969 pus
359 2883 449 2969 quasi
474 2881 655 2966 obrigescit,
671 2881 870 2948 et.meurbra
894 2881 1048 2948 inhabilia
1062 2890 1093 2948 et
1115 2877 1236 2947 induxi·

274 2989 351 3056 bilia
374 2988 457 3056 frunt
478 3007 520 3055 ex
545 2990 649 3057 subita
673 2989 809 3056 ferroris
824 2996 857 3056 et
871 2988 1039 3056 suauitatis
1055 2987 1236 3064 induentiu;

171 3141 173 3144 -
275 3107 306 3166 et
330 3099 389 3164 boc
413 3105 620 3184 potestesse,
648 3097 723 3184 quia
755 3097 887 3183 spiritus
918 3115 1030 3166 omnes
1062 3097 1174 3164 ritaies
1204 3094 1234 3163 in

274 3221 408 3290 corpore
431 3203 522 3288 quasi
548 3202 722 3289 irnpteutur
745 3203 860 3274 affectu
892 3203 998 3270 cordis
1030 3203 1234 3282 inflammato,

273 3309 319 3376 ita
342 3310 426 3395 quod
452 3309 638 3378 extensione
662 3328 835 3378 nervornrn
871 3319 902 3377 et
925 3310 1143 3379 obstructione
1174 3311 1233 3376 ria·

346 3449 355 3482 ²
376 3452 416 3506 Ps.
436 3451 480 3518 88,
503 3452 545 3506 to.

344 3539 430 3594 *Act
449 3543 475 3608 2,
499 3542 545 3609 t³;
564 3543 684 3610 sequitur
703 3540 748 3597 tob
768 3543 811 3610 32,
834 3543 876 3597 tt.
894 3546 920 3596 et
937 3543 985 3596 cir.
1003 3542 1081 3598 lium.
1098 3541 1125 3606 6,
1142 3539 1169 3595 t.
