<?xml version="1.0" encoding="UTF-8"?>
<!DOCTYPE html PUBLIC "-//W3C//DTD XHTML 1.0 Transitional//EN"
    "http://www.w3.org/TR/xhtml1/DTD/xhtml1-transitional.dtd">
<html xmlns="http://www.w3.org/1999/xhtml" xml:lang="en" lang="en">
 <head>
  <title>
</title>
<meta http-equiv="Content-Type" content="text/html;charset=utf-8" />
  <meta name='ocr-system' content='tesseract 3.04.00' />
  <meta name='ocr-capabilities' content='ocr_page ocr_carea ocr_par ocr_line ocrx_word'/>
</head>
<body>
  <div class='ocr_page' id='page_1' title='image "./deexterioriseti00davigoog_0353.png"; bbox 0 0 2776 4316; ppageno 0'>
   <div class='ocr_carea' id='block_1_1' title="bbox 293 220 899 290">
    <p class='ocr_par' dir='ltr' id='par_1_1' title="bbox 293 220 899 290">
     <span class='ocr_line' id='line_1_1' title="bbox 293 220 899 290; baseline -0.007 -2"><span class='ocrx_word' id='word_1_1' title='bbox 293 220 357 288; x_wconf 85' lang='lat'><strong>308</strong></span> <span class='ocrx_word' id='word_1_2' title='bbox 649 237 736 286; x_wconf 79' lang='lat' dir='ltr'><strong>crana</strong></span> <span class='ocrx_word' id='word_1_3' title='bbox 760 237 899 290; x_wconf 84' lang='lat' dir='ltr'><strong>nunnus.</strong></span> 
     </span>
    </p>
   </div>
   <div class='ocr_carea' id='block_1_2' title="bbox 291 343 1253 2458">
    <p class='ocr_par' dir='ltr' id='par_1_2' title="bbox 291 343 1253 2226">
     <span class='ocr_line' id='line_1_2' title="bbox 292 343 1249 431; baseline 0 -19"><span class='ocrx_word' id='word_1_4' title='bbox 292 343 454 426; x_wconf 72' lang='lat' dir='ltr'><strong>orationib,</strong></span> <span class='ocrx_word' id='word_1_5' title='bbox 477 343 655 412; x_wconf 89' lang='lat' dir='ltr'><strong>secondom</strong></span> <span class='ocrx_word' id='word_1_6' title='bbox 679 343 765 430; x_wconf 88' lang='lat' dir='ltr'><strong>quod</strong></span> <span class='ocrx_word' id='word_1_7' title='bbox 790 344 891 410; x_wconf 91' lang='lat' dir='ltr'><strong>oratio</strong></span> <span class='ocrx_word' id='word_1_8' title='bbox 914 344 1033 414; x_wconf 90' lang='lat' dir='ltr'><strong>dicitur</strong></span> <span class='ocrx_word' id='word_1_9' title='bbox 1057 346 1108 431; x_wconf 91' lang='lat' dir='ltr'><strong>pia</strong></span> <span class='ocrx_word' id='word_1_10' title='bbox 1141 346 1249 412; x_wconf 88' lang='lat' dir='ltr'><strong>mentis</strong></span> 
     </span>
     <span class='ocr_line' id='line_1_3' title="bbox 292 449 1251 520; baseline -0.002 0"><span class='ocrx_word' id='word_1_11' title='bbox 292 453 324 520; x_wconf 92' lang='lat' dir='ltr'><strong>in</strong></span> <span class='ocrx_word' id='word_1_12' title='bbox 350 452 452 520; x_wconf 85' lang='lat' dir='ltr'><strong>Deum</strong></span> <span class='ocrx_word' id='word_1_13' title='bbox 476 451 618 519; x_wconf 86' lang='lat' dir='ltr'><strong>intentio.</strong></span> <span class='ocrx_word' id='word_1_14' title='bbox 646 449 849 518; x_wconf 71' lang='lat' dir='ltr'><strong><em>Gratiarum</em></strong></span> <span class='ocrx_word' id='word_1_15' title='bbox 873 451 963 518; x_wconf 82' lang='lat' dir='ltr'><strong>actio</strong></span> <span class='ocrx_word' id='word_1_16' title='bbox 985 460 1035 519; x_wconf 91' lang='lat' dir='ltr'><strong>est</strong></span> <span class='ocrx_word' id='word_1_17' title='bbox 1050 453 1156 520; x_wconf 89' lang='lat' dir='ltr'><strong>omnia</strong></span> <span class='ocrx_word' id='word_1_18' title='bbox 1173 453 1251 518; x_wconf 87' lang='lat' dir='ltr'><strong>bona</strong></span> 
     </span>
     <span class='ocr_line' id='line_1_4' title="bbox 293 557 1251 643; baseline 0.001 -17"><span class='ocrx_word' id='word_1_19' title='bbox 293 577 312 626; x_wconf 90' lang='lat' dir='ltr'><strong>a</strong></span> <span class='ocrx_word' id='word_1_20' title='bbox 336 559 401 626; x_wconf 83' lang='lat' dir='ltr'><strong>lieo</strong></span> <span class='ocrx_word' id='word_1_21' title='bbox 424 557 499 626; x_wconf 87' lang='lat' dir='ltr'><strong>data</strong></span> <span class='ocrx_word' id='word_1_22' title='bbox 522 557 640 624; x_wconf 89' lang='lat' dir='ltr'><strong>sentire</strong></span> <span class='ocrx_word' id='word_1_23' title='bbox 670 564 702 624; x_wconf 91' lang='lat' dir='ltr'><strong>et</strong></span> <span class='ocrx_word' id='word_1_24' title='bbox 730 574 788 643; x_wconf 89' lang='lat' dir='ltr'><strong>pro</strong></span> <span class='ocrx_word' id='word_1_25' title='bbox 812 557 862 624; x_wconf 90' lang='lat' dir='ltr'><strong>bis</strong></span> <span class='ocrx_word' id='word_1_26' title='bbox 885 575 960 625; x_wconf 90' lang='lat' dir='ltr'><strong>enm</strong></span> <span class='ocrx_word' id='word_1_27' title='bbox 987 559 1119 626; x_wconf 84' lang='lat' dir='ltr'><strong>laudare</strong></span> <span class='ocrx_word' id='word_1_28' title='bbox 1148 561 1251 639; x_wconf 89' lang='lat' dir='ltr'><strong>corde,</strong></span> 
     </span>
     <span class='ocr_line' id='line_1_5' title="bbox 295 664 1252 753; baseline 0.002 -22"><span class='ocrx_word' id='word_1_29' title='bbox 295 683 372 734; x_wconf 88' lang='lat' dir='ltr'><strong>voce</strong></span> <span class='ocrx_word' id='word_1_30' title='bbox 395 672 427 732; x_wconf 91' lang='lat' dir='ltr'><strong>et</strong></span> <span class='ocrx_word' id='word_1_31' title='bbox 449 681 555 750; x_wconf 88' lang='lat' dir='ltr'><strong>opere.</strong></span> <span class='ocrx_word' id='word_1_32' title='bbox 581 664 704 731; x_wconf 79' lang='lat' dir='ltr'><strong>Gratias</strong></span> <span class='ocrx_word' id='word_1_33' title='bbox 726 664 862 749; x_wconf 81' lang='lat' dir='ltr'><strong>agimus,</strong></span> <span class='ocrx_word' id='word_1_34' title='bbox 885 683 959 732; x_wconf 88' lang='lat' dir='ltr'><strong>cnm</strong></span> <span class='ocrx_word' id='word_1_35' title='bbox 985 665 1067 733; x_wconf 86' lang='lat' dir='ltr'><strong>bone</strong></span> <span class='ocrx_word' id='word_1_36' title='bbox 1100 685 1185 753; x_wconf 85' lang='lat' dir='ltr'><strong>qnae</strong></span> <span class='ocrx_word' id='word_1_37' title='bbox 1207 685 1252 734; x_wconf 88' lang='lat' dir='ltr'><strong>ac·</strong></span> 
     </span>
     <span class='ocr_line' id='line_1_6' title="bbox 292 771 1253 859; baseline 0 -19"><span class='ocrx_word' id='word_1_38' title='bbox 292 772 436 859; x_wconf 87' lang='lat' dir='ltr'><strong>cepimus</strong></span> <span class='ocrx_word' id='word_1_39' title='bbox 452 771 582 857; x_wconf 89' lang='lat' dir='ltr'><strong>gratiae,</strong></span> <span class='ocrx_word' id='word_1_40' title='bbox 600 788 663 837; x_wconf 94' lang='lat' dir='ltr'><strong>non</strong></span> <span class='ocrx_word' id='word_1_41' title='bbox 679 771 801 838; x_wconf 91' lang='lat' dir='ltr'><strong>meritis</strong></span> <span class='ocrx_word' id='word_1_42' title='bbox 816 771 1018 840; x_wconf 78' lang='lat' dir='ltr'><strong>ascribimus.</strong></span> <span class='ocrx_word' id='word_1_43' title='bbox 1037 809 1079 822; x_wconf 91' lang='lat'><em>-</em></span> <span class='ocrx_word' id='word_1_44' title='bbox 1096 773 1253 840; x_wconf 80' lang='lat' dir='ltr'><strong>Laudare</strong></span> 
     </span>
     <span class='ocr_line' id='line_1_7' title="bbox 293 874 1253 962; baseline -0.001 -17"><span class='ocrx_word' id='word_1_45' title='bbox 293 877 400 946; x_wconf 87' lang='lat' dir='ltr'><strong>Deam</strong></span> <span class='ocrx_word' id='word_1_46' title='bbox 422 883 471 944; x_wconf 87' lang='lat' dir='ltr'><strong>est</strong></span> <span class='ocrx_word' id='word_1_47' title='bbox 493 875 594 943; x_wconf 89' lang='lat' dir='ltr'><strong>Deum</strong></span> <span class='ocrx_word' id='word_1_48' title='bbox 621 874 814 944; x_wconf 84' lang='lat' dir='ltr'><strong>laudabilem</strong></span> <span class='ocrx_word' id='word_1_49' title='bbox 839 876 1017 962; x_wconf 90' lang='lat' dir='ltr'><strong>intelligere</strong></span> <span class='ocrx_word' id='word_1_50' title='bbox 1040 879 1166 945; x_wconf 91' lang='lat' dir='ltr'><strong>eteius</strong></span> <span class='ocrx_word' id='word_1_51' title='bbox 1191 897 1253 944; x_wconf 84' lang='lat' dir='ltr'><strong>ma·</strong></span> 
     </span>
     <span class='ocr_line' id='line_1_8' title="bbox 294 981 1253 1071; baseline -0.002 -19"><span class='ocrx_word' id='word_1_52' title='bbox 294 983 507 1071; x_wconf 85' lang='lat' dir='ltr'><strong>gnibcentiam</strong></span> <span class='ocrx_word' id='word_1_53' title='bbox 531 999 606 1051; x_wconf 88' lang='lat' dir='ltr'><strong>curn</strong></span> <span class='ocrx_word' id='word_1_54' title='bbox 629 981 842 1052; x_wconf 79' lang='lat' dir='ltr'><strong>exsulatione</strong></span> <span class='ocrx_word' id='word_1_55' title='bbox 864 991 897 1050; x_wconf 88' lang='lat' dir='ltr'><strong>et</strong></span> <span class='ocrx_word' id='word_1_56' title='bbox 919 984 1134 1053; x_wconf 80' lang='lat' dir='ltr'><strong>admiratione</strong></span> <span class='ocrx_word' id='word_1_57' title='bbox 1157 985 1253 1053; x_wconf 80' lang='lat' dir='ltr'><strong>extol·</strong></span> 
     </span>
     <span class='ocr_line' id='line_1_9' title="bbox 292 1090 1252 1180; baseline 0.001 -22"><span class='ocrx_word' id='word_1_58' title='bbox 292 1092 369 1171; x_wconf 87' lang='lat' dir='ltr'><strong>lere,</strong></span> <span class='ocrx_word' id='word_1_59' title='bbox 386 1090 435 1160; x_wconf 86' lang='lat' dir='ltr'><strong>vel</strong></span> <span class='ocrx_word' id='word_1_60' title='bbox 452 1108 512 1178; x_wconf 89' lang='lat' dir='ltr'><strong>pro</strong></span> <span class='ocrx_word' id='word_1_61' title='bbox 526 1108 574 1168; x_wconf 87' lang='lat' dir='ltr'><strong>eo,</strong></span> <span class='ocrx_word' id='word_1_62' title='bbox 591 1090 676 1176; x_wconf 72' lang='lat' dir='ltr'><strong>quiid</strong></span> <span class='ocrx_word' id='word_1_63' title='bbox 694 1090 726 1158; x_wconf 87' lang='lat' dir='ltr'><strong>in</strong></span> <span class='ocrx_word' id='word_1_64' title='bbox 742 1108 777 1158; x_wconf 91' lang='lat' dir='ltr'><strong>se</strong></span> <span class='ocrx_word' id='word_1_65' title='bbox 792 1091 861 1176; x_wconf 91' lang='lat' dir='ltr'><strong>ipso</strong></span> <span class='ocrx_word' id='word_1_66' title='bbox 877 1100 935 1170; x_wconf 92' lang='lat' dir='ltr'><strong>est,</strong></span> <span class='ocrx_word' id='word_1_67' title='bbox 953 1091 1002 1160; x_wconf 89' lang='lat' dir='ltr'><strong>vel</strong></span> <span class='ocrx_word' id='word_1_68' title='bbox 1020 1111 1080 1180; x_wconf 90' lang='lat' dir='ltr'><strong>pro</strong></span> <span class='ocrx_word' id='word_1_69' title='bbox 1096 1093 1158 1173; x_wconf 89' lang='lat' dir='ltr'><strong>bis,</strong></span> <span class='ocrx_word' id='word_1_70' title='bbox 1174 1109 1252 1180; x_wconf 87' lang='lat' dir='ltr'><strong>quae</strong></span> 
     </span>
     <span class='ocr_line' id='line_1_10' title="bbox 291 1195 1250 1286; baseline 0 -22"><span class='ocrx_word' id='word_1_71' title='bbox 291 1196 374 1266; x_wconf 83' lang='lat' dir='ltr'><strong>facit.</strong></span> <span class='ocrx_word' id='word_1_72' title='bbox 399 1233 442 1246; x_wconf 89' lang='lat'>-</span> <span class='ocrx_word' id='word_1_73' title='bbox 470 1195 610 1264; x_wconf 72' lang='lat' dir='ltr'><strong>Gratiae</strong></span> <span class='ocrx_word' id='word_1_74' title='bbox 628 1196 693 1262; x_wconf 82' lang='lat' dir='ltr'><strong>Dra</strong></span> <span class='ocrx_word' id='word_1_75' title='bbox 716 1197 863 1283; x_wconf 79' lang='lat' dir='ltr'><strong>opimae,</strong></span> <span class='ocrx_word' id='word_1_76' title='bbox 887 1215 962 1265; x_wconf 85' lang='lat' dir='ltr'><strong>curn</strong></span> <span class='ocrx_word' id='word_1_77' title='bbox 985 1199 1028 1266; x_wconf 87' lang='lat' dir='ltr'><strong>de</strong></span> <span class='ocrx_word' id='word_1_78' title='bbox 1052 1199 1146 1278; x_wconf 89' lang='lat' dir='ltr'><strong>bono,</strong></span> <span class='ocrx_word' id='word_1_79' title='bbox 1169 1198 1250 1286; x_wconf 82' lang='lat' dir='ltr'><strong>quod</strong></span> 
     </span>
     <span class='ocr_line' id='line_1_11' title="bbox 292 1303 1252 1391; baseline 0.001 -21"><span class='ocrx_word' id='word_1_80' title='bbox 292 1305 384 1372; x_wconf 88' lang='lat' dir='ltr'><strong>nobis</strong></span> <span class='ocrx_word' id='word_1_81' title='bbox 406 1304 447 1372; x_wconf 88' lang='lat' dir='ltr'><strong>ab</strong></span> <span class='ocrx_word' id='word_1_82' title='bbox 461 1305 533 1391; x_wconf 88' lang='lat' dir='ltr'><strong>ipsa</strong></span> <span class='ocrx_word' id='word_1_83' title='bbox 550 1303 689 1390; x_wconf 90' lang='lat' dir='ltr'><strong>prollnit,</strong></span> <span class='ocrx_word' id='word_1_84' title='bbox 705 1305 774 1372; x_wconf 90' lang='lat' dir='ltr'><strong>eins</strong></span> <span class='ocrx_word' id='word_1_85' title='bbox 789 1304 962 1372; x_wconf 85' lang='lat' dir='ltr'><strong>bonitatem</strong></span> <span class='ocrx_word' id='word_1_86' title='bbox 980 1307 1252 1374; x_wconf 84' lang='lat' dir='ltr'><strong>commendamus.</strong></span> 
     </span>
     <span class='ocr_line' id='line_1_12' title="bbox 292 1411 1253 1500; baseline 0.003 -22"><span class='ocrx_word' id='word_1_87' title='bbox 292 1412 337 1479; x_wconf 82' lang='lat' dir='ltr'><strong>td</strong></span> <span class='ocrx_word' id='word_1_88' title='bbox 361 1412 537 1497; x_wconf 89' lang='lat' dir='ltr'><strong>gratiarum</strong></span> <span class='ocrx_word' id='word_1_89' title='bbox 561 1414 717 1496; x_wconf 88' lang='lat' dir='ltr'><strong>actionem</strong></span> <span class='ocrx_word' id='word_1_90' title='bbox 743 1411 879 1496; x_wconf 90' lang='lat' dir='ltr'><strong>pertinet</strong></span> <span class='ocrx_word' id='word_1_91' title='bbox 915 1411 1078 1493; x_wconf 83' lang='lat' dir='ltr'><strong>beneficia,</strong></span> <span class='ocrx_word' id='word_1_92' title='bbox 1101 1433 1186 1500; x_wconf 85' lang='lat' dir='ltr'><strong>qnae</strong></span> <span class='ocrx_word' id='word_1_93' title='bbox 1208 1431 1253 1482; x_wconf 89' lang='lat' dir='ltr'><strong>ac·</strong></span> 
     </span>
     <span class='ocr_line' id='line_1_13' title="bbox 292 1517 1252 1606; baseline 0 -20"><span class='ocrx_word' id='word_1_94' title='bbox 292 1519 447 1605; x_wconf 89' lang='lat' dir='ltr'><strong>cepimus,</strong></span> <span class='ocrx_word' id='word_1_95' title='bbox 483 1518 651 1604; x_wconf 89' lang='lat' dir='ltr'><strong>diligenter</strong></span> <span class='ocrx_word' id='word_1_96' title='bbox 692 1517 844 1598; x_wconf 88' lang='lat' dir='ltr'><strong>recolere,</strong></span> <span class='ocrx_word' id='word_1_97' title='bbox 871 1518 1033 1586; x_wconf 87' lang='lat' dir='ltr'><strong>subtiliter</strong></span> <span class='ocrx_word' id='word_1_98' title='bbox 1067 1520 1252 1606; x_wconf 90' lang='lat' dir='ltr'><strong>intelligere,</strong></span> 
     </span>
     <span class='ocr_line' id='line_1_14' title="bbox 291 1625 1252 1706; baseline -0.001 -13"><span class='ocrx_word' id='word_1_99' title='bbox 291 1625 429 1694; x_wconf 88' lang='lat' dir='ltr'><strong>fideliter</strong></span> <span class='ocrx_word' id='word_1_100' title='bbox 453 1625 607 1706; x_wconf 84' lang='lat' dir='ltr'><strong>confiteri,</strong></span> <span class='ocrx_word' id='word_1_101' title='bbox 624 1625 765 1694; x_wconf 89' lang='lat' dir='ltr'><strong>studiose</strong></span> <span class='ocrx_word' id='word_1_102' title='bbox 781 1643 983 1705; x_wconf 88' lang='lat' dir='ltr'><strong>conservare,</strong></span> <span class='ocrx_word' id='word_1_103' title='bbox 1007 1626 1188 1695; x_wconf 85' lang='lat' dir='ltr'><strong>beneficum</strong></span> <span class='ocrx_word' id='word_1_104' title='bbox 1211 1626 1252 1694; x_wconf 89' lang='lat' dir='ltr'><strong>di·</strong></span> 
     </span>
     <span class='ocr_line' id='line_1_15' title="bbox 292 1732 1251 1819; baseline 0.001 -20"><span class='ocrx_word' id='word_1_105' title='bbox 292 1733 392 1819; x_wconf 88' lang='lat' dir='ltr'><strong>ligere</strong></span> <span class='ocrx_word' id='word_1_106' title='bbox 415 1741 447 1800; x_wconf 90' lang='lat' dir='ltr'><strong>et</strong></span> <span class='ocrx_word' id='word_1_107' title='bbox 469 1732 649 1818; x_wconf 82' lang='lat' dir='ltr'><strong>promptius</strong></span> <span class='ocrx_word' id='word_1_108' title='bbox 672 1733 700 1799; x_wconf 91' lang='lat' dir='ltr'><strong>ei</strong></span> <span class='ocrx_word' id='word_1_109' title='bbox 732 1733 854 1799; x_wconf 83' lang='lat' dir='ltr'><strong>servire</strong></span> <span class='ocrx_word' id='word_1_110' title='bbox 877 1740 909 1800; x_wconf 89' lang='lat' dir='ltr'><strong>et</strong></span> <span class='ocrx_word' id='word_1_111' title='bbox 931 1734 1001 1800; x_wconf 90' lang='lat' dir='ltr'><strong>eins</strong></span> <span class='ocrx_word' id='word_1_112' title='bbox 1024 1733 1179 1801; x_wconf 78' lang='lat' dir='ltr'><strong>offensam</strong></span> <span class='ocrx_word' id='word_1_113' title='bbox 1203 1751 1251 1800; x_wconf 89' lang='lat' dir='ltr'><strong>ca-</strong></span> 
     </span>
     <span class='ocr_line' id='line_1_16' title="bbox 292 1838 1251 1926; baseline 0 -23"><span class='ocrx_word' id='word_1_114' title='bbox 292 1855 367 1906; x_wconf 88' lang='lat' dir='ltr'><strong>vere</strong></span> <span class='ocrx_word' id='word_1_115' title='bbox 391 1845 423 1906; x_wconf 90' lang='lat' dir='ltr'><strong>et</strong></span> <span class='ocrx_word' id='word_1_116' title='bbox 445 1838 579 1923; x_wconf 78' lang='lat' dir='ltr'><strong>gratiam</strong></span> <span class='ocrx_word' id='word_1_117' title='bbox 604 1845 764 1923; x_wconf 78' lang='lat' dir='ltr'><strong>acceptam</strong></span> <span class='ocrx_word' id='word_1_118' title='bbox 790 1856 851 1904; x_wconf 92' lang='lat' dir='ltr'><strong>nnn</strong></span> <span class='ocrx_word' id='word_1_119' title='bbox 869 1839 967 1906; x_wconf 87' lang='lat' dir='ltr'><strong>otiose</strong></span> <span class='ocrx_word' id='word_1_120' title='bbox 984 1839 1157 1926; x_wconf 77' lang='lat' dir='ltr'><strong>negligere,</strong></span> <span class='ocrx_word' id='word_1_121' title='bbox 1174 1840 1251 1908; x_wconf 87' lang='lat' dir='ltr'><strong>sient</strong></span> 
     </span>
     <span class='ocr_line' id='line_1_17' title="bbox 292 1943 1252 2039; baseline -0.001 -27"><span class='ocrx_word' id='word_1_122' title='bbox 292 1944 345 2012; x_wconf 90' lang='lat' dir='ltr'><strong>ille</strong></span> <span class='ocrx_word' id='word_1_123' title='bbox 369 1945 459 2032; x_wconf 89' lang='lat' dir='ltr'><strong>piger</strong></span> <span class='ocrx_word' id='word_1_124' title='bbox 477 1961 607 2039; x_wconf 21' lang='lat' dir='ltr'><strong>‘servius</strong></span> <span class='ocrx_word' id='word_1_125' title='bbox 629 1944 684 2030; x_wconf 84' lang='lat' dir='ltr'><strong>qui</strong></span> <span class='ocrx_word' id='word_1_126' title='bbox 720 1943 894 2014; x_wconf 83' lang='lat' dir='ltr'><strong>abscondit</strong></span> <span class='ocrx_word' id='word_1_127' title='bbox 920 1946 1103 2032; x_wconf 82' lang='lat' dir='ltr'><strong>pecaniam</strong></span> <span class='ocrx_word' id='word_1_128' title='bbox 1127 1945 1252 2014; x_wconf 83' lang='lat' dir='ltr'><strong>domiai</strong></span> 
     </span>
     <span class='ocr_line' id='line_1_18' title="bbox 294 2049 1252 2136; baseline -0.002 -20"><span class='ocrx_word' id='word_1_129' title='bbox 294 2049 353 2116; x_wconf 80' lang='lat' dir='ltr'><strong>eud</strong></span> <span class='ocrx_word' id='word_1_130' title='bbox 364 2050 388 2129; x_wconf 88' lang='lat'><strong>¹,</strong></span> <span class='ocrx_word' id='word_1_131' title='bbox 413 2050 468 2118; x_wconf 90' lang='lat' dir='ltr'><strong>sed</strong></span> <span class='ocrx_word' id='word_1_132' title='bbox 492 2050 533 2118; x_wconf 86' lang='lat' dir='ltr'><strong>ad</strong></span> <span class='ocrx_word' id='word_1_133' title='bbox 558 2050 601 2130; x_wconf 87' lang='lat' dir='ltr'><strong>id,</strong></span> <span class='ocrx_word' id='word_1_134' title='bbox 625 2050 664 2118; x_wconf 91' lang='lat' dir='ltr'><strong>ad</strong></span> <span class='ocrx_word' id='word_1_135' title='bbox 689 2049 774 2136; x_wconf 86' lang='lat' dir='ltr'><strong>quod</strong></span> <span class='ocrx_word' id='word_1_136' title='bbox 810 2049 917 2131; x_wconf 90' lang='lat' dir='ltr'><strong>datur,</strong></span> <span class='ocrx_word' id='word_1_137' title='bbox 940 2067 1011 2118; x_wconf 88' lang='lat' dir='ltr'><strong>enm</strong></span> <span class='ocrx_word' id='word_1_138' title='bbox 1035 2069 1190 2120; x_wconf 83' lang='lat' dir='ltr'><strong>exercere</strong></span> <span class='ocrx_word' id='word_1_139' title='bbox 1222 2057 1252 2116; x_wconf 91' lang='lat' dir='ltr'><strong>et</strong></span> 
     </span>
     <span class='ocr_line' id='line_1_19' title="bbox 292 2156 886 2226; baseline -0.007 0"><span class='ocrx_word' id='word_1_140' title='bbox 292 2157 368 2226; x_wconf 90' lang='lat' dir='ltr'><strong>inde</strong></span> <span class='ocrx_word' id='word_1_141' title='bbox 391 2176 453 2224; x_wconf 93' lang='lat' dir='ltr'><strong>non</strong></span> <span class='ocrx_word' id='word_1_142' title='bbox 478 2157 668 2226; x_wconf 88' lang='lat' dir='ltr'><strong>insolescere</strong></span> <span class='ocrx_word' id='word_1_143' title='bbox 693 2156 742 2224; x_wconf 87' lang='lat' dir='ltr'><strong>vel</strong></span> <span class='ocrx_word' id='word_1_144' title='bbox 765 2157 886 2224; x_wconf 78' lang='lat' dir='ltr'><strong>extolli.</strong></span> 
     </span>
    </p>

    <p class='ocr_par' dir='ltr' id='par_1_3' title="bbox 291 2263 1249 2458">
     <span class='ocr_line' id='line_1_20' title="bbox 381 2263 1249 2352; baseline -0.001 -21"><span class='ocrx_word' id='word_1_145' title='bbox 381 2267 412 2331; x_wconf 72' lang='lat' dir='ltr'><strong>i.</strong></span> <span class='ocrx_word' id='word_1_146' title='bbox 434 2264 478 2332; x_wconf 83' lang='lat' dir='ltr'><strong>nd</strong></span> <span class='ocrx_word' id='word_1_147' title='bbox 499 2263 698 2351; x_wconf 79' lang='lat' dir='ltr'><strong>gratiaram</strong></span> <span class='ocrx_word' id='word_1_148' title='bbox 720 2263 884 2332; x_wconf 85' lang='lat' dir='ltr'><strong>actionem</strong></span> <span class='ocrx_word' id='word_1_149' title='bbox 906 2265 1052 2332; x_wconf 89' lang='lat' dir='ltr'><strong>accendit</strong></span> <span class='ocrx_word' id='word_1_150' title='bbox 1082 2265 1249 2352; x_wconf 78' lang='lat' dir='ltr'><strong>septuplex</strong></span> 
     </span>
     <span class='ocr_line' id='line_1_21' title="bbox 291 2369 1247 2458; baseline -0.004 -18"><span class='ocrx_word' id='word_1_151' title='bbox 291 2371 518 2440; x_wconf 87' lang='lat' dir='ltr'><strong>consideratio:</strong></span> <span class='ocrx_word' id='word_1_152' title='bbox 535 2371 653 2456; x_wconf 80' lang='lat' dir='ltr'><strong>triplex</strong></span> <span class='ocrx_word' id='word_1_153' title='bbox 677 2370 762 2439; x_wconf 89' lang='lat' dir='ltr'><strong>circa</strong></span> <span class='ocrx_word' id='word_1_154' title='bbox 785 2369 889 2457; x_wconf 88' lang='lat' dir='ltr'><strong>ipsam</strong></span> <span class='ocrx_word' id='word_1_155' title='bbox 908 2369 1113 2456; x_wconf 70' lang='lat' dir='ltr'><strong>beneficiam,</strong></span> <span class='ocrx_word' id='word_1_156' title='bbox 1131 2371 1247 2458; x_wconf 84' lang='lat' dir='ltr'><strong>duplex</strong></span> 
     </span>
    </p>
   </div>
   <div class='ocr_carea' id='block_1_3' title="bbox 169 2475 1247 2565">
    <p class='ocr_par' dir='ltr' id='par_1_4' title="bbox 169 2475 1247 2565">
     <span class='ocr_line' id='line_1_22' title="bbox 169 2475 1247 2565; baseline -0.003 -19"><span class='ocrx_word' id='word_1_157' title='bbox 169 2495 173 2504; x_wconf 89' lang='lat'><em>·</em></span> <span class='ocrx_word' id='word_1_158' title='bbox 290 2477 375 2546; x_wconf 90' lang='lat' dir='ltr'><strong>circa</strong></span> <span class='ocrx_word' id='word_1_159' title='bbox 398 2475 639 2564; x_wconf 79' lang='lat' dir='ltr'><strong>benefactorem</strong></span> <span class='ocrx_word' id='word_1_160' title='bbox 662 2485 695 2546; x_wconf 90' lang='lat' dir='ltr'><strong>et</strong></span> <span class='ocrx_word' id='word_1_161' title='bbox 717 2477 840 2562; x_wconf 87' lang='lat' dir='ltr'><strong>duplex</strong></span> <span class='ocrx_word' id='word_1_162' title='bbox 864 2478 948 2546; x_wconf 90' lang='lat' dir='ltr'><strong>circa</strong></span> <span class='ocrx_word' id='word_1_163' title='bbox 963 2495 1052 2557; x_wconf 77' lang='lat' dir='ltr'><strong>mm,</strong></span> <span class='ocrx_word' id='word_1_164' title='bbox 1076 2477 1137 2545; x_wconf 86' lang='lat' dir='ltr'><strong>cai</strong></span> <span class='ocrx_word' id='word_1_165' title='bbox 1155 2495 1247 2565; x_wconf 87' lang='lat' dir='ltr'><strong>proe-</strong></span> 
     </span>
    </p>
   </div>
   <div class='ocr_carea' id='block_1_4' title="bbox 289 2581 1246 2886">
    <p class='ocr_par' dir='ltr' id='par_1_5' title="bbox 289 2581 1246 2886">
     <span class='ocr_line' id='line_1_23' title="bbox 289 2581 1245 2669; baseline -0.003 -20"><span class='ocrx_word' id='word_1_166' title='bbox 289 2592 402 2652; x_wconf 83' lang='lat' dir='ltr'><strong>etator</strong></span> <span class='ocrx_word' id='word_1_167' title='bbox 425 2582 628 2669; x_wconf 72' lang='lat' dir='ltr'><strong>beneficiam.</strong></span> <span class='ocrx_word' id='word_1_168' title='bbox 652 2617 695 2634; x_wconf 93' lang='lat'><strong>-··</strong></span> <span class='ocrx_word' id='word_1_169' title='bbox 719 2581 923 2668; x_wconf 82' lang='lat' dir='ltr'><strong>Bereefieium</strong></span> <span class='ocrx_word' id='word_1_170' title='bbox 945 2585 1200 2663; x_wconf 86' lang='lat' dir='ltr'><strong>commendatur,</strong></span> <span class='ocrx_word' id='word_1_171' title='bbox 1222 2583 1245 2648; x_wconf 89' lang='lat' dir='ltr'><strong>si</strong></span> 
     </span>
     <span class='ocr_line' id='line_1_24' title="bbox 290 2687 1246 2778; baseline 0.007 -21"><span class='ocrx_word' id='word_1_172' title='bbox 290 2698 339 2759; x_wconf 87' lang='lat' dir='ltr'><strong>est</strong></span> <span class='ocrx_word' id='word_1_173' title='bbox 361 2689 467 2757; x_wconf 85' lang='lat' dir='ltr'><strong>nobile</strong></span> <span class='ocrx_word' id='word_1_174' title='bbox 489 2698 521 2758; x_wconf 87' lang='lat' dir='ltr'><strong>et</strong></span> <span class='ocrx_word' id='word_1_175' title='bbox 544 2691 719 2776; x_wconf 90' lang='lat' dir='ltr'><strong>pretiosum</strong></span> <span class='ocrx_word' id='word_1_176' title='bbox 744 2689 776 2758; x_wconf 90' lang='lat' dir='ltr'><strong>iu</strong></span> <span class='ocrx_word' id='word_1_177' title='bbox 792 2706 836 2767; x_wconf 84' lang='lat' dir='ltr'><strong>se,</strong></span> <span class='ocrx_word' id='word_1_178' title='bbox 857 2690 882 2758; x_wconf 91' lang='lat' dir='ltr'><strong>si</strong></span> <span class='ocrx_word' id='word_1_179' title='bbox 906 2695 956 2758; x_wconf 86' lang='lat' dir='ltr'><strong>est</strong></span> <span class='ocrx_word' id='word_1_180' title='bbox 978 2689 1060 2758; x_wconf 82' lang='lat' dir='ltr'><strong>utile</strong></span> <span class='ocrx_word' id='word_1_181' title='bbox 1074 2687 1246 2778; x_wconf 73' lang='lat' dir='ltr'><strong>accipienti,</strong></span> 
     </span>
     <span class='ocr_line' id='line_1_25' title="bbox 291 2796 1246 2886; baseline -0.004 -19"><span class='ocrx_word' id='word_1_182' title='bbox 291 2800 317 2867; x_wconf 93' lang='lat' dir='ltr'><strong>si</strong></span> <span class='ocrx_word' id='word_1_183' title='bbox 340 2807 390 2867; x_wconf 88' lang='lat' dir='ltr'><strong>est</strong></span> <span class='ocrx_word' id='word_1_184' title='bbox 412 2797 586 2885; x_wconf 81' lang='lat' dir='ltr'><strong>multiplea</strong></span> <span class='ocrx_word' id='word_1_185' title='bbox 608 2804 640 2865; x_wconf 93' lang='lat' dir='ltr'><strong>et</strong></span> <span class='ocrx_word' id='word_1_186' title='bbox 662 2797 792 2885; x_wconf 90' lang='lat' dir='ltr'><strong>saepius</strong></span> <span class='ocrx_word' id='word_1_187' title='bbox 815 2798 977 2865; x_wconf 86' lang='lat' dir='ltr'><strong>iteratum.</strong></span> <span class='ocrx_word' id='word_1_188' title='bbox 994 2797 1026 2865; x_wconf 95' lang='lat' dir='ltr'><strong>ln</strong></span> <span class='ocrx_word' id='word_1_189' title='bbox 1044 2796 1246 2886; x_wconf 72' lang='lat' dir='ltr'><strong>bemfactore</strong></span> 
     </span>
    </p>
   </div>
   <div class='ocr_carea' id='block_1_5' title="bbox 287 2902 1353 3628">
    <p class='ocr_par' dir='ltr' id='par_1_6' title="bbox 290 2902 1353 2996">
     <span class='ocr_line' id='line_1_26' title="bbox 290 2902 1353 2996; baseline -0.005 -23"><span class='ocrx_word' id='word_1_190' title='bbox 290 2905 356 2974; x_wconf 91' lang='lat' dir='ltr'><strong>dno</strong></span> <span class='ocrx_word' id='word_1_191' title='bbox 379 2905 610 2974; x_wconf 87' lang='lat' dir='ltr'><strong>consideranda</strong></span> <span class='ocrx_word' id='word_1_192' title='bbox 633 2912 717 2984; x_wconf 73' lang='lat' dir='ltr'><strong>scint,</strong></span> <span class='ocrx_word' id='word_1_193' title='bbox 734 2904 761 2972; x_wconf 91' lang='lat' dir='ltr'><strong>si</strong></span> <span class='ocrx_word' id='word_1_194' title='bbox 784 2912 833 2971; x_wconf 91' lang='lat' dir='ltr'><strong>est</strong></span> <span class='ocrx_word' id='word_1_195' title='bbox 857 2922 1002 2992; x_wconf 78' lang='lat' dir='ltr'><strong>maguae</strong></span> <span class='ocrx_word' id='word_1_196' title='bbox 1017 2905 1206 2993; x_wconf 59' lang='lat' dir='ltr'><strong>dignitatis,</strong></span> <span class='ocrx_word' id='word_1_197' title='bbox 1220 2902 1242 2970; x_wconf 90' lang='lat' dir='ltr'><strong>si</strong></span> <span class='ocrx_word' id='word_1_198' title='bbox 1352 2929 1353 2996; x_wconf 65' lang='lat' dir='ltr'><strong>f</strong></span> 
     </span>
    </p>

    <p class='ocr_par' dir='ltr' id='par_1_7' title="bbox 290 3000 1332 3098">
     <span class='ocr_line' id='line_1_27' title="bbox 290 3000 1332 3098; baseline 0.002 -22"><span class='ocrx_word' id='word_1_199' title='bbox 290 3028 414 3097; x_wconf 77' lang='lat' dir='ltr'><strong>magno</strong></span> <span class='ocrx_word' id='word_1_200' title='bbox 437 3007 558 3098; x_wconf 79' lang='lat' dir='ltr'><strong>affecta</strong></span> <span class='ocrx_word' id='word_1_201' title='bbox 592 3009 648 3077; x_wconf 91' lang='lat' dir='ltr'><strong>dat</strong></span> <span class='ocrx_word' id='word_1_202' title='bbox 682 3009 883 3078; x_wconf 83' lang='lat' dir='ltr'><strong>beneficium.</strong></span> <span class='ocrx_word' id='word_1_203' title='bbox 907 3011 940 3077; x_wconf 93' lang='lat' dir='ltr'><strong>ln</strong></span> <span class='ocrx_word' id='word_1_204' title='bbox 965 3009 1033 3089; x_wconf 85' lang='lat' dir='ltr'><strong>illo,</strong></span> <span class='ocrx_word' id='word_1_205' title='bbox 1062 3011 1122 3078; x_wconf 87' lang='lat' dir='ltr'><strong>cai</strong></span> <span class='ocrx_word' id='word_1_206' title='bbox 1153 3027 1246 3098; x_wconf 75' lang='lat' dir='ltr'><strong>prae</strong></span> <span class='ocrx_word' id='word_1_207' title='bbox 1327 3000 1332 3010; x_wconf 82' lang='grc'><strong>’</strong></span> 
     </span>
    </p>

    <p class='ocr_par' dir='ltr' id='par_1_8' title="bbox 288 3115 1245 3202">
     <span class='ocr_line' id='line_1_28' title="bbox 288 3115 1245 3202; baseline -0.003 -19"><span class='ocrx_word' id='word_1_208' title='bbox 288 3125 402 3184; x_wconf 82' lang='lat' dir='ltr'><strong>statar</strong></span> <span class='ocrx_word' id='word_1_209' title='bbox 425 3115 629 3202; x_wconf 81' lang='lat' dir='ltr'><strong>beneficium,</strong></span> <span class='ocrx_word' id='word_1_210' title='bbox 653 3116 718 3184; x_wconf 92' lang='lat' dir='ltr'><strong>duo</strong></span> <span class='ocrx_word' id='word_1_211' title='bbox 741 3116 887 3184; x_wconf 88' lang='lat' dir='ltr'><strong>similiter</strong></span> <span class='ocrx_word' id='word_1_212' title='bbox 910 3116 1143 3186; x_wconf 87' lang='lat' dir='ltr'><strong>consideranda</strong></span> <span class='ocrx_word' id='word_1_213' title='bbox 1167 3123 1245 3194; x_wconf 87' lang='lat' dir='ltr'><strong>sunt,</strong></span> 
     </span>
    </p>

    <p class='ocr_par' dir='ltr' id='par_1_9' title="bbox 289 3223 1245 3311">
     <span class='ocr_line' id='line_1_29' title="bbox 289 3223 1245 3311; baseline -0.001 -20"><span class='ocrx_word' id='word_1_214' title='bbox 289 3225 315 3291; x_wconf 90' lang='lat' dir='ltr'><strong>si</strong></span> <span class='ocrx_word' id='word_1_215' title='bbox 339 3223 416 3290; x_wconf 83' lang='lat' dir='ltr'><strong>vilis</strong></span> <span class='ocrx_word' id='word_1_216' title='bbox 439 3231 488 3292; x_wconf 88' lang='lat' dir='ltr'><strong>est</strong></span> <span class='ocrx_word' id='word_1_217' title='bbox 510 3231 542 3290; x_wconf 87' lang='lat' dir='ltr'><strong>et</strong></span> <span class='ocrx_word' id='word_1_218' title='bbox 565 3223 821 3309; x_wconf 89' lang='lat' dir='ltr'><strong>contemptibilis,</strong></span> <span class='ocrx_word' id='word_1_219' title='bbox 845 3223 870 3292; x_wconf 90' lang='lat' dir='ltr'><strong>si</strong></span> <span class='ocrx_word' id='word_1_220' title='bbox 903 3223 1066 3311; x_wconf 80' lang='lat' dir='ltr'><strong>indiguas</strong></span> <span class='ocrx_word' id='word_1_221' title='bbox 1088 3232 1120 3292; x_wconf 88' lang='lat' dir='ltr'><strong>et</strong></span> <span class='ocrx_word' id='word_1_222' title='bbox 1144 3224 1245 3291; x_wconf 88' lang='lat' dir='ltr'><strong>imme·</strong></span> 
     </span>
    </p>

    <p class='ocr_par' dir='ltr' id='par_1_10' title="bbox 289 3330 1353 3422">
     <span class='ocr_line' id='line_1_30' title="bbox 289 3330 1353 3422; baseline -0.004 -25"><span class='ocrx_word' id='word_1_223' title='bbox 289 3330 382 3411; x_wconf 91' lang='lat' dir='ltr'><strong>ritus,</strong></span> <span class='ocrx_word' id='word_1_224' title='bbox 405 3330 459 3417; x_wconf 89' lang='lat' dir='ltr'><strong>qui</strong></span> <span class='ocrx_word' id='word_1_225' title='bbox 484 3349 546 3397; x_wconf 91' lang='lat' dir='ltr'><strong>uon</strong></span> <span class='ocrx_word' id='word_1_226' title='bbox 572 3330 666 3398; x_wconf 88' lang='lat' dir='ltr'><strong>nodo</strong></span> <span class='ocrx_word' id='word_1_227' title='bbox 693 3348 755 3396; x_wconf 92' lang='lat' dir='ltr'><strong>non</strong></span> <span class='ocrx_word' id='word_1_228' title='bbox 788 3330 916 3411; x_wconf 89' lang='lat' dir='ltr'><strong>meruit,</strong></span> <span class='ocrx_word' id='word_1_229' title='bbox 940 3330 996 3398; x_wconf 86' lang='lat' dir='ltr'><strong>sed</strong></span> <span class='ocrx_word' id='word_1_230' title='bbox 1021 3330 1192 3412; x_wconf 84' lang='lat' dir='ltr'><strong>demeruit,</strong></span> <span class='ocrx_word' id='word_1_231' title='bbox 1214 3334 1245 3394; x_wconf 89' lang='lat' dir='ltr'><strong>nt</strong></span> <span class='ocrx_word' id='word_1_232' title='bbox 1352 3407 1353 3422; x_wconf 16' lang='grc' dir='ltr'>ἢ</span> 
     </span>
    </p>

    <p class='ocr_par' dir='ltr' id='par_1_11' title="bbox 287 3436 1353 3628">
     <span class='ocr_line' id='line_1_31' title="bbox 287 3436 1353 3524; baseline -0.001 -20"><span class='ocrx_word' id='word_1_233' title='bbox 287 3436 351 3504; x_wconf 87' lang='lat' dir='ltr'><strong>tale</strong></span> <span class='ocrx_word' id='word_1_234' title='bbox 374 3436 563 3504; x_wconf 85' lang='lat' dir='ltr'><strong>beneficium</strong></span> <span class='ocrx_word' id='word_1_235' title='bbox 590 3437 767 3524; x_wconf 87' lang='lat' dir='ltr'><strong>perciperet</strong></span> <span class='ocrx_word' id='word_1_236' title='bbox 790 3454 808 3503; x_wconf 88' lang='lat' dir='ltr'><strong>a</strong></span> <span class='ocrx_word' id='word_1_237' title='bbox 833 3437 898 3504; x_wconf 88' lang='lat' dir='ltr'><strong>tali.</strong></span> <span class='ocrx_word' id='word_1_238' title='bbox 1352 3441 1353 3464; x_wconf 67' lang='lat'>¹</span> 
     </span>
     <span class='ocr_line' id='line_1_32' title="bbox 361 3559 604 3628; baseline 0 -14"><span class='ocrx_word' id='word_1_239' title='bbox 361 3559 371 3590; x_wconf 87' lang='lat'>¹</span> <span class='ocrx_word' id='word_1_240' title='bbox 392 3563 478 3616; x_wconf 77' lang='lat' dir='ltr'><strong>narra</strong></span> <span class='ocrx_word' id='word_1_241' title='bbox 497 3563 540 3628; x_wconf 82' lang='lat' dir='ltr'><strong>nn,</strong></span> <span class='ocrx_word' id='word_1_242' title='bbox 560 3563 604 3615; x_wconf 84' lang='lat' dir='ltr'><strong>re.</strong></span> 
     </span>
    </p>
   </div>
   <div class='ocr_carea' id='block_1_6' title="bbox 0 0 1392 4310">
    <p class='ocr_par' dir='ltr' id='par_1_12' title="bbox 0 0 1392 4310">
     <span class='ocr_line' id='line_1_33' title="bbox 0 0 1392 4310; baseline 0 0"><span class='ocrx_word' id='word_1_243' title='bbox 0 0 1392 4310; x_wconf 95' lang='lat' dir='ltr'><strong> </strong></span> 
     </span>
    </p>
   </div>
  </div>
 </body>
</html>
