2792 4318
308 227 371 292 tae
646 249 736 296 uranu
759 249 930 298 succubus

305 350 422 417 sanetis
445 351 646 437 Martyribus.
670 352 787 421 Odium
811 353 985 439 aliquando
1001 355 1144 422 nascitur
1160 372 1204 424 ex
1222 355 1272 423 in-

305 455 400 536 vidia,
423 455 597 542 aliquando
619 475 661 525 ex
685 459 734 526 ira
757 459 814 526 diu
837 468 971 527 retenta.

615 672 798 739 Caruunuu
821 673 951 740 XXXIX.

544 883 678 970 Triplex
701 894 748 952 est
771 885 920 976 qualitas
945 886 1026 953 irae.

396 1097 423 1161 l.
448 1096 527 1162 Irae
549 1096 666 1181 triplex
682 1105 731 1165 est
745 1099 898 1184 qualitas:
916 1099 1021 1185 prima
1041 1099 1149 1166 subito
1172 1107 1269 1168 etex

303 1203 385 1270 laoili
410 1221 506 1271 causa
531 1206 662 1283 moveri,
686 1210 722 1271 ut
744 1223 787 1272 ex
810 1205 873 1273 levi
907 1207 991 1274 lacto
1014 1206 1064 1274 vel
1089 1207 1266 1274 verbovel

300 1311 394 1378 etiam
417 1328 459 1378 ex
482 1311 549 1377 sola
574 1329 656 1378 vana
680 1312 870 1398 suspicione.
887 1312 1064 1398 Aliquando
1080 1313 1176 1378 etiam
1195 1329 1267 1380 con·

300 1427 350 1485 tra
375 1419 533 1486 insensata
558 1435 723 1486 moremur
751 1426 783 1485 et
813 1419 981 1485 irascimur
1017 1419 1122 1485 brutis
1156 1425 1190 1486 ot
1224 1419 1266 1486 la·

301 1523 367 1612 pidi
391 1533 423 1591 et
446 1524 530 1610 ligno
555 1525 605 1592 vel
628 1525 750 1592 calamo
773 1532 804 1592 et
828 1524 1012 1591 huiusmodi
1037 1525 1105 1591 sine
1131 1525 1263 1592 ratione.

391 1635 422 1697 a.
446 1631 600 1710 Secunda,
625 1633 829 1699 venementer
854 1630 1056 1697 inflammari.
1085 1630 1265 1716 Aliquando

218 1773 227 1792 ·
301 1737 385 1804 enim
420 1738 468 1804 ira
500 1745 622 1806 tantum
659 1739 690 1804 in
726 1738 822 1806 corde
856 1737 1063 1816 accenditur;
1086 1737 1262 1824 aliquando

179 1855 183 1868 '
302 1847 396 1914 etiam
420 1847 515 1914 lacios
546 1845 763 1914 inflammatur
794 1853 825 1913 et
848 1845 1064 1924 deformatur;
1090 1843 1264 1930 aliquando

302 1953 396 2020 etiam
421 1963 529 2039 gestus
560 1963 591 2033 et
626 1971 731 2020 mores
767 1951 940 2018 mobilitate
962 1951 1103 2038 quadam
1129 1951 1262 2018 notabili
1384 1929 1385 1950 ¹

302 2061 473 2146 agitantur,
497 2079 538 2128 ex
562 2079 625 2147 qua
650 2061 780 2127 interior
811 2060 906 2125 animi
938 2059 1110 2126 commotio
1134 2059 1265 2127 demon

301 2177 432 2249 stratur,
457 2177 493 2235 ut
516 2169 704 2260 sternutatio
727 2169 864 2245 narium,
889 2165 991 2252 pallor
1008 2166 1057 2234 rel
1075 2167 1179 2234 rubor
1196 2165 1264 2234 vul-

302 2284 364 2354 tus,
380 2276 543 2363 depressio
559 2275 797 2362 palpebrarum,
815 2282 934 2339 tremor
957 2271 1127 2353 labiorum,
1144 2275 1264 2361 inquio·
1383 2339 1384 2350 ἶ

295 2383 379 2458 tudo
403 2384 500 2450 totius
522 2383 673 2468 corporis.
698 2380 874 2467 Aliquando
910 2397 966 2465 per
999 2380 1098 2447 verba
1120 2381 1265 2466 erumpit

300 2490 351 2556 vel
375 2489 540 2570 clamosae,
565 2507 621 2574 per
656 2488 808 2566 convicio,
843 2485 1064 2564 contumelias,
1092 2485 1265 2554 maledicta

300 2606 332 2664 et
347 2599 449 2666 minas
465 2604 496 2664 et
512 2596 654 2683 periuria
669 2605 701 2663 et
724 2592 948 2679 blasphemias.
973 2592 1151 2678 Aliquando
1166 2593 1261 2680 quasi

241 2775 245 2788 ,
300 2705 398 2773 labris
421 2706 558 2772 concutit
582 2723 711 2790 corpus,
734 2704 784 2770 vel
806 2702 896 2789 quasi
931 2699 1098 2786 phrenesis
1121 2709 1264 2768 mentem

301 2811 497 2879 infusorem
525 2811 627 2879 vertit.
651 2809 825 2897 Aliquando
851 2825 965 2874 manus
994 2815 1101 2874 moret
1123 2807 1165 2874 ad
1199 2806 1263 2874 lae-

300 2919 441 2987 dendum
465 2918 575 2999 alium,
591 2918 639 2984 vel
665 2918 830 3002 seipsum,
854 2917 897 2980 ita
921 2921 957 2982 ut
976 2913 1103 2980 sibimet
1118 2912 1263 3000 qnando

300 3044 362 3112 que
388 3044 501 3093 manus
525 3025 651 3103 inliciat,
676 3023 725 3090 rel
750 3041 797 3103 ea,
820 3039 903 3110 quae
926 3027 1107 3108 parauerat,
1130 3019 1261 3088 abiiciat

300 3142 331 3201 et
355 3133 508 3200 destruat.
533 3131 707 3217 Aliquando
731 3148 791 3196 uon
817 3129 893 3196 sinit
915 3129 1084 3196 admittere
1099 3143 1182 3213 quae
1198 3127 1261 3195 sibi

299 3240 390 3308 utilia
413 3247 498 3320 suut,
522 3246 557 3306 ut
581 3238 687 3305 cibum
712 3245 744 3303 et
766 3235 854 3303 aliud
872 3235 1086 3303 commodum.
1106 3233 1140 3300 Et
1158 3233 1261 3302 multa

301 3347 516 3415 huiusmodi
509 3365 556 3413 rra
579 3353 731 3430 operatur
765 3353 797 3412 et
832 3361 940 3427 pacem
964 3345 1070 3412 cordis
1094 3343 1204 3412 turbat
1227 3355 1260 3413 et

300 3454 453 3520 rationem
477 3452 642 3520 obnubilat
664 3460 695 3518 et
720 3452 905 3519 memoriam
930 3453 1112 3531 conlundit;
1127 3463 1160 3521 et
1174 3453 1260 3522 sicut

299 3559 407 3627 sumus
431 3560 585 3646 hospitem
610 3560 768 3627 dedomo
798 3561 940 3645 expellit,
965 3563 1007 3629 ita
1030 3561 1078 3628 ira
1100 3560 1255 3648 Spiritum
