2808 4318
318 231 382 297 tut
672 251 762 297 urnnn
784 249 923 298 rennuis,

314 360 464 434 sectatur,
498 354 595 421 veluti
629 353 761 440 siquis,
793 354 922 421 hortum
954 355 1085 442 plenum
1117 356 1273 423 nobilibus

313 460 471 558 fructibus
495 461 687 547 ingrediens
712 460 779 529 sola
804 461 878 528 viiia
900 469 932 528 et
954 479 1066 529 amara
1086 471 1232 550 carperet
1245 471 1274 530 et

313 585 434 635 nocua.

646 777 830 846 Gariannuu
853 779 940 847 xvn.

460 991 501 1056 Iu
526 990 689 1058 locutioue
711 991 781 1058 trio
805 991 1015 1060 obsuuuudu
1036 1000 1127 1059 suut.

321 1217 323 1225 ‘
404 1206 431 1269 1.
456 1203 488 1269 ln
513 1203 671 1271 locutione
694 1204 757 1270 tria
780 1212 856 1272 sunt
878 1204 1025 1272 similitor
1056 1205 1273 1272 observanda:

229 1293 234 1300 ’
312 1309 466 1396 primum,
490 1316 526 1376 ut
550 1311 672 1377 turdus
696 1312 737 1378 sit
760 1310 856 1378 homo
878 1311 920 1378 ad
938 1311 1155 1397 loquendum
1180 1311 1275 1380 Eccie

312 1414 459 1483 siasticus
477 1416 506 1480 ¹:
542 1415 752 1494 Adolescens,
776 1415 906 1504 loquere
929 1416 964 1482 iu
988 1436 1098 1484 eousu
1120 1424 1185 1485 tuo
1207 1418 1273 1496 otu,

311 1530 431 1608 quanto
455 1524 556 1608 magis
580 1523 610 1589 in
636 1541 699 1590 oon
724 1531 779 1592 tua
802 1525 853 1592 uei
878 1525 909 1590 in
933 1543 997 1592 non
1019 1543 1128 1606 eausa,
1165 1526 1223 1594 sed
1244 1525 1274 1591 in

312 1626 373 1695 levi
400 1630 563 1696 vanitate?
587 1629 626 1696 Si
660 1629 709 1696 bra
741 1629 970 1718 iuterroputus
999 1628 1124 1718 suerro,
1158 1631 1274 1700 turen

311 1743 413 1822 cuput
435 1755 633 1822 responsum
659 1745 766 1816 tuuru,
790 1745 827 1805 ut
850 1745 881 1805 et
904 1737 1035 1805 utilitas
1058 1747 1090 1806 et
1121 1747 1274 1826 opportu

309 1842 401 1909 ottus
432 1844 542 1928 exigat
572 1861 642 1910 esse
675 1843 888 1930 loquendum:
913 1843 1045 1912 utititas
1067 1845 1273 1925 necessitatis,

311 1949 549 2030 aedificationis,
574 1950 692 2017 vitandi
718 1951 875 2019 evidentis
897 1953 1080 2019 nocumenti
1095 1959 1129 2020 et
1146 1951 1274 2020 honoris

310 2055 367 2123 Dei
391 2057 618 2140 promovendi3
640 2057 876 2144 opportunitas
891 2059 1055 2143 temporis,
1071 2058 1143 2139 loci,
1161 2075 1272 2128 cauma

310 2170 342 2230 et
365 2163 528 2248 qualitatis
551 2163 762 2231 audientium.
806 2165 883 2244 Vus,
906 2166 996 2254 quod
1026 2183 1092 2232 nort
1120 2163 1274 2234 naemu

311 2268 505 2354 operculum
517 2269 568 2336 uel
579 2269 767 2357 lt‘putururn
780 2271 933 2357 desuper,
947 2271 1162 2339 immuudum
1175 2272 1239 2340 erit
1247 2271 1272 2349 ¹,·

308 2375 416 2461 pulvis
439 2377 522 2444 enirn
549 2377 675 2458 incidet,
699 2386 731 2444 et
746 2396 872 2446 vermes
887 2387 919 2446 et
941 2379 1092 2447 animalia
1107 2379 1272 2448 immunda

309 2468 531 2568 inquinabunt,
548 2490 579 2550 et
595 2484 619 2550 si
643 2484 720 2570 quid
739 2485 868 2570 pretiosi
893 2486 943 2553 vel
959 2486 1122 2553 aromatici
1141 2485 1272 2575 liquoris

201 2653 203 2658 .
309 2589 341 2655 in
365 2606 403 2657 eo
428 2589 622 2670 reconditur,
647 2601 799 2677 evaporat
822 2592 925 2660 virtus
948 2591 1027 2660 eius.
1051 2593 1102 2662 Sic
1137 2594 1194 2680 qni
1218 2609 1271 2680 per

311 2712 480 2763 censuram
510 2696 624 2763 silentii
650 2715 712 2763 nou
742 2698 838 2784 pouit
867 2699 923 2765 ori
950 2717 1014 2766 suo
1045 2700 1235 2768 custodium
1250 2697 1271 2779 ⁸,

310 2801 494 2887 frequenter
518 2803 740 2871 immundatur
756 2804 852 2871 sorde
875 2804 1059 2873 illicitorum
1080 2806 1269 2875 uerborum:

308 2907 494 2993 mendaciis,
531 2909 717 2990 maledictis
752 2910 1016 2992 detractionibus,
1051 2912 1270 3000 turpiloquiis,

308 3014 476 3095 iactantis,
500 3016 749 3084 scurrilitatibus
771 3025 803 3085 et
827 3017 1003 3100 similibns3
1027 3020 1153 3106 siquid
1176 3020 1269 3088 etiarn

308 3119 486 3190 devotionis
517 3122 604 3190 intus
635 3123 732 3191 habet
760 3123 810 3190 vei
841 3124 985 3192 occultae
1008 3126 1148 3206 virtutis,
1179 3126 1269 3194 citius

307 3234 461 3314 evaporat
476 3237 508 3296 et
524 3228 728 3315 infrigidatur
752 3237 783 3297 et
799 3232 971 3313 evanescit,
995 3232 1078 3300 sicut
1093 3251 1189 3319 saepe
1204 3249 1269 3322 pos·

307 3351 421 3401 surnus
445 3335 598 3422 experiri,
622 3337 751 3423 quando
766 3344 839 3423 post
860 3340 1113 3425 compunctionis
1135 3340 1266 3427 gratiam

379 3477 387 3512 ¹
407 3477 470 3545 Cap.
490 3479 534 3543 31,
555 3480 597 3533 10.
616 3494 672 3548 seq.
858 3479 965 3535 ’Nunc
987 3484 1028 3548 te,
1049 3481 1091 3536 15.

378 3562 449 3620 'Ps
469 3567 529 3635 tto,
549 3570 574 3622 3.
