2738 4316
303 456 545 554 bristout,
574 456 811 538 AUCTORIS
832 455 853 536 ¹.

185 794 307 862 Dilecto
330 795 361 860 in
385 795 511 862 Cbristo
544 796 643 862 Fratri
678 795 850 864 Bertboldo
882 796 981 864 frater
1006 797 1063 864 lta·

88 902 157 968 vid.
186 902 277 986 Quod
302 902 366 968 [teo
398 897 550 988 operante
583 903 662 970 bene
695 903 812 988 incepit
845 903 914 989 ipso
949 921 1063 990 ooope-

87 1017 187 1076 rante
212 1009 327 1076 melius
350 1027 584 1078 consummare.

187 1115 380 1183 desiderasti
409 1136 428 1182 a
453 1135 513 1196 me,
537 1117 635 1184 frater
659 1117 834 1198 carissime,
871 1126 907 1185 nt
941 1118 1062 1204 aliquid

86 1223 269 1290 scriberem
295 1223 349 1289 tibi
374 1223 414 1290 ad
439 1223 702 1302 aedificationem,
719 1243 761 1290 ex
778 1243 842 1311 quo
858 1225 973 1293 absens
990 1243 1061 1292 sum

87 1350 108 1397 a
134 1338 180 1409 te,
204 1330 287 1397 siout
310 1329 483 1415 aliquando
516 1348 669 1416 praesens
693 1331 748 1398 tibi
774 1350 829 1398 ore
853 1332 960 1400 dicere
986 1331 1064 1398 sole·

88 1440 189 1517 bam,
221 1438 350 1524 quando
381 1438 421 1504 ad
454 1445 581 1523 tempus
616 1439 790 1506 novitiatus
826 1439 871 1506 tui
910 1439 1062 1524 magister

87 1563 185 1613 eram
210 1545 265 1612 tibi
290 1545 472 1632 deputatos.
499 1547 533 1612 Et
556 1547 631 1631 qnia
649 1548 779 1633 promisi
799 1547 853 1614 tibi
872 1547 932 1614 boc
948 1547 1062 1630 lacere,

90 1652 170 1718 volo
193 1651 318 1718 solvere
341 1652 546 1737 promissum,
571 1653 653 1719 sicut
679 1653 831 1720 Dominus
855 1653 981 1719 interim
1006 1654 1062 1721 de-

89 1759 190 1826 derit.
216 1759 251 1825 111
275 1777 388 1844 magna
412 1767 442 1825 et
467 1759 616 1826 sublimia
641 1760 756 1837 nescio,
788 1761 861 1828 volo
892 1769 997 1826 tamen
1021 1778 1059 1828 ea

89 1863 150 1931 tibi
177 1865 328 1945 scribere,
352 1883 433 1950 quae
458 1865 576 1930 novitio
604 1867 796 1932 conveniunt
821 1865 979 1950 incipienti
997 1883 1060 1932 ser·

89 1971 166 2037 vire
189 1970 324 2036 Domino
352 1971 382 2036 in
409 1971 577 2056 Religione.
612 1971 729 2038 ditiora
764 1980 883 2051 antem,
914 1989 987 2038 rum
1019 1971 1060 2038 ad

90 2077 149 2143 illa
175 2077 359 2162 proieceris,
384 2076 538 2143 Dominus
562 2085 592 2144 te
616 2077 752 2156 docebit,
776 2087 807 2144 et
824 2095 881 2163 per
904 2065 1059 2162 1110111111-

89 2201 169 2250 nam
194 2184 425 2269 experientiam
458 2200 585 2269 semper
611 2183 742 2250 meliora
775 2183 940 2269 intelliges,
972 2183 1057 2269 quia,

89 2289 312 2376 quantoplus
335 2291 408 2375 qrcis
439 2291 534 2356 altius
562 2291 732 2376 profecerit.
756 2291 787 2355 in
811 2291 934 2357 actione
958 2291 1059 2356 virtu·

89 2397 144 2477 tis,
170 2403 257 2463 tanto
288 2397 408 2464 clarius
436 2397 532 2476 videt,
560 2397 637 2482 quid
670 2395 777 2463 adbuc
809 2396 867 2462 sibi
903 2396 995 2475 desit,
1031 2403 1062 2462 et

89 2503 234 2590 qualiter
257 2503 298 2570 ad
321 2522 369 2582 ea,
385 2521 468 2589 quae
491 2509 619 2583 restant,
636 2502 751 2569 debeat
772 2503 956 2588 pervenire;
981 2501 1062 2568 Psal-

90 2629 184 2678 mus:
212 2612 239 2676 A
266 2611 439 2676 recondatis
464 2611 531 2676 tels
554 2608 701 2676 intellecti
713 2608 735 2672 ².
760 2609 818 2694 Qui
854 2615 961 2675 autem
999 2627 1060 2674 non

89 2718 202 2786 studet
219 2717 251 2784 in
276 2716 449 2784 virtutibus
472 2735 599 2803 semper
623 2716 779 2803 prolicere
801 2717 896 2782 etiam
922 2716 981 2782 boc
1008 2714 1062 2780 ali·

90 2826 224 2912 quando
240 2825 363 2910 perdet,
387 2825 472 2908 duod
498 2826 635 2892 necdum
660 2824 757 2902 viam,
781 2842 845 2911 qna
868 2823 907 2889 ad
927 2823 1061 2889 virtutes

90 2932 258 3011 tendatur,
282 2931 444 3018 intelligat.

168 3107 269 3162 ¹Haee
288 3110 406 3176 epistole,
428 3124 496 3178 quae
524 3116 562 3162 est
591 3110 648 3163 loco
676 3109 780 3174 prologi
805 3110 939 3175 sequentis
959 3108 1016 3161 libri
1036 3109 1062 3172 1.,

46 3199 50 3204 “
88 3199 167 3252 deest
186 3201 211 3250 ln
232 3197 400 3265 editionibus,
421 3207 528 3264 excepta
547 3199 589 3252 ed.
610 3201 634 3265 2,
655 3199 787 3252 invenitur
812 3203 899 3250 tamon
928 3200 953 3249 in
974 3198 1062 3250 multis

88 3287 242 3342 codicibus.
257 3287 369 3340 Textum
383 3288 451 3340 illius
464 3287 585 3341 editionis
598 3289 758 3342 contulimus
771 3300 833 3342 eum
848 3286 939 3338 codice
953 3299 978 3338 n.
992 3285 1061 3338 1637

87 3375 271 3430 bibliothecae
288 3377 449 3430 Monacensis
468 3379 565 3442 regiae.

164 3462 175 3495 ²
196 3464 294 3517 Psalm.
313 3465 374 3532 118,
395 3465 455 3518 tot.
