2808 4318
294 237 358 302 lut
633 255 721 302 nrnnn
746 255 917 303 sncunnns.

291 358 387 426 tiatus
410 358 484 426 inde
508 359 617 439 fueris,
633 368 666 426 et
682 361 776 427 modo
798 360 1028 445 pertransierit.
1052 360 1131 427 Cum
1148 369 1260 428 autem

290 465 390 532 hahes
413 463 498 551 quod
523 465 638 551 diligis,
661 466 725 533 noli
749 467 844 534 nimis
868 467 957 533 inniti
981 467 1009 534 ei
1033 485 1091 553 per
1119 467 1261 534 delecta-

290 571 384 638 tionis
407 572 566 651 allectum,
591 572 647 639 sed
671 573 784 658 cogita,
807 572 894 658 qnod
911 574 973 638 cito
991 574 1181 658 pertransiet
1197 575 1261 641 ista

290 677 409 745 laetitia
434 684 465 745 et
489 679 567 745 nibil
592 685 662 764 post
686 695 720 746 se
744 678 907 764 relinquit,
931 681 990 746 nisi
1016 680 1149 766 vestigia
1171 681 1259 747 dolo

290 786 335 852 ris
359 793 391 852 et
425 785 620 852 confusionis
650 792 682 852 et
717 786 863 869 debitum⁵
896 786 1139 873 suppliciorum.
1174 788 1258 854 dnm

290 910 367 959 vero
391 892 510 958 amittis
534 893 619 978 quod
643 893 767 973 amasti,
790 893 935 974 aestima,
969 895 1060 979 qnasi
1089 911 1258 980 nunqnam

290 999 443 1066 habueris
467 999 545 1066 illud
573 1017 658 1080 vere,
682 1001 737 1067 sed
763 1007 887 1067 tantum
912 1001 1003 1086 qnasi
1026 1000 1059 1066 in
1076 1017 1188 1067 somno
1212 1001 1257 1066 vi

291 1105 387 1184 deris,
412 1105 462 1172 vel
486 1105 518 1170 in
542 1105 730 1191 cogitatione
756 1091 946 1192 imaginatus
972 1107 1026 1186 sis,
1051 1116 1081 1174 to
1105 1106 1181 1173 talia
1203 1107 1261 1172 ha·

290 1212 416 1288 buisse;
433 1213 514 1279 siout
532 1213 685 1298 imaginor
704 1213 792 1294 mibi,
807 1214 892 1298 quod
911 1214 971 1280 sim
984 1232 1044 1281 rex
1061 1213 1208 1282 Franciae
1225 1222 1260 1282 et

292 1337 438 1404 magnam
463 1319 597 1404 gloriam
621 1326 653 1387 et
676 1339 826 1406 pompam
850 1330 881 1388 et
904 1319 1034 1389 delicias
1066 1328 1097 1388 el
1127 1320 1259 1390 divilias

290 1427 436 1504 habeam,
461 1433 586 1512 etpost
610 1428 770 1494 modicum
796 1445 854 1494 rex
879 1427 1006 1512 angliae
1031 1427 1169 1494 debellet
1204 1443 1259 1494 me

290 1539 322 1601 et
345 1533 448 1618 capiat
471 1542 503 1600 et
526 1534 638 1620 spoliet
662 1551 712 1601 me
737 1552 835 1619 regno
858 1543 890 1601 et
913 1534 1023 1620 gloria,
1040 1543 1071 1600 et
1087 1534 1190 1601 inanis
1205 1551 1260 1602 re·

291 1657 435 1706 maneam
461 1639 501 1705 ab
525 1640 683 1707 omnibus.
708 1641 737 1706 Si
763 1641 870 1726 igitur,
894 1648 1021 1726 peracta
1047 1639 1099 1706 tali
1125 1641 1258 1724 phanta-

293 1745 350 1824 sia,
375 1745 514 1830 grariter
538 1745 652 1812 vellem
677 1745 800 1812 turbari
825 1752 857 1814 et
881 1746 999 1812 tristari
1023 1747 1063 1812 de
1087 1745 1141 1811 illa
1165 1744 1257 1829 regni

293 1853 484 1939 phantastici
508 1852 688 1933 amissione,
712 1853 763 1920 vel
788 1853 813 1920 si
840 1853 931 1921 valde
947 1853 1121 1920 exhilarari
1139 1852 1259 1920 voluis

292 1978 357 2027 sem
383 1960 656 2028 eir-delectatione
680 1959 806 2026 habitae
830 1961 949 2046 gloriae
964 1960 1063 2027 huius
1084 1958 1260 2044 phantasti-

291 2084 364 2145 oae;
388 2085 492 2134 nonne
517 2065 613 2132 stulta
638 2065 764 2132 tristitia
780 2067 830 2132 rel
848 2066 950 2132 inanis
966 2066 1067 2151 gloria
1082 2073 1166 2132 esset
1192 2081 1260 2131 mo

291 2173 359 2242 veri
383 2175 423 2240 de
446 2170 508 2253 his,
532 2191 614 2260 quae
638 2192 802 2260 nunquam
826 2174 957 2241 inerunt
980 2192 1037 2242 neo
1054 2179 1174 2240 eruntt

380 2281 410 2347 l.
436 2281 527 2346 Tales
550 2281 635 2348 enim
654 2298 750 2348 ranas
768 2281 903 2348 laetitias
918 2288 949 2347 et
967 2281 1109 2347 tristitias
1126 2298 1257 2366 semper

291 2387 411 2454 habere
436 2405 612 2473 possemus,
638 2389 839 2473 imaginando
863 2389 1020 2455 nobismet
1042 2396 1075 2455 et
1104 2388 1258 2473 lingendo

291 2493 451 2582 quaslibet
475 2494 593 2578 glorias
616 2504 648 2561 et
670 2490 895 2562 delectationes
911 2503 942 2562 et
957 2513 975 2562 e
991 2512 1145 2563 converso
1161 2495 1259 2563 tristi·

293 2602 353 2670 tias
376 2609 407 2668 et
429 2602 566 2681 dolores,
590 2603 672 2669 siout
695 2602 797 2670 solent
819 2603 950 2687 qnidam
976 2602 1077 2668 insani
1105 2609 1137 2668 et
1168 2601 1259 2670 lnna·

293 2709 345 2776 tici
369 2709 561 2794 quibusdam
587 2708 761 2794 phantasiis
783 2709 892 2776 deludi
913 2727 955 2776 ex
972 2709 1155 2776 confusione
1171 2727 1259 2777 cere·

294 2817 355 2896 bri,
378 2823 408 2882 et
431 2816 499 2882 sine
521 2822 695 2902 apparente
718 2834 815 2883 rausa
838 2815 990 2884 exteriori
1014 2815 1110 2882 modo
1138 2815 1258 2896 ridere,

292 2923 388 2990 modo
411 2921 488 2990 llere
512 2923 689 2992 secundnm
721 2923 961 3009 imaginationes
992 2923 1126 2990 interius
1149 2941 1261 2990 conce

292 3037 362 3117 ptas
386 3029 492 3097 tristes
510 3030 560 3098 rel
577 3031 693 3109 laetas;
710 3030 853 3098 Psalmns
871 3032 899 3096 ¹:
932 3031 1166 3098 Verumtamen
1182 3030 1257 3098 oni·

294 3156 394 3203 verso
416 3136 552 3204 vomitos
575 3137 685 3202 omnis
717 3134 812 3203 domo
845 3136 970 3214 vivom,
1002 3137 1033 3206 id
1065 3144 1114 3204 est
1144 3136 1259 3206 vivens

294 3245 470 3312 secundnm
487 3243 660 3324 hominem,
678 3263 739 3310 non
757 3245 933 3312 secundom
951 3243 1063 3310 Deum.
1082 3243 1116 3310 lit
1132 3250 1257 3330 onaret

300 3351 532 3418 Verumtomeu
556 3350 592 3416 in
615 3350 762 3438 imagine
784 3350 970 3438 pertransit
992 3348 1257 3430 tommentis

294 3456 432 3542 quadam
458 3457 643 3542 imaginaria
660 3456 834 3537 delusione,
850 3455 1059 3536 existimem,
1075 3475 1109 3522 se
1124 3456 1261 3546 aliquid

366 3578 376 3610 ¹
396 3581 437 3634 Ps.
457 3583 499 3648 38,
519 3583 545 3634 6.
564 3588 589 3635 et
609 3582 668 3635 dein
689 3596 715 3634 v.
736 3595 792 3649 seq.
