819 1202
64 60 294 79 w'
316 60 319 62 '

228 127 248 139 ns:
260 127 281 139 vn
292 127 398 140 nnoersstnus.
411 127 497 139 rnecessus
509 127 529 139 vn
587 123 619 139 219

137 154 212 175 pellatur,
224 154 252 171 sed
265 154 346 175 Religiosis
359 154 409 175 magis
420 154 500 175 competit,
515 153 551 171 licet
567 153 619 171 humi-

136 180 174 197 liori
186 182 202 197 et
213 180 281 202 planiori
294 180 346 197 modo.

183 207 261 228 Quartum
273 209 311 224 sunt
322 211 374 228 opera
389 206 505 228 poenitentiae,
522 209 539 224 ut
556 207 619 227 ieiunia,

135 233 205 255 vigiliae,
217 233 280 255 flagella
292 235 308 250 et
319 233 360 250 aliae
372 233 463 255 eorporales
474 234 596 251 exercitationes
604 236 619 251 et

135 260 252 282 castigationes,
264 265 311 282 quae,
323 260 359 277 licet
370 260 478 282 propinquent
495 261 545 282 magis
563 261 618 278 virtuti

135 291 184 309 qnam
197 287 313 308 praecedentia,
325 289 378 304 tamen
390 292 421 304 nun
433 289 471 304 sunt
480 292 537 309 purae
545 288 617 307 virtutes,

135 313 174 335 quia
182 318 201 330 ea
211 313 302 335 hypocritae
313 315 381 335 possunt
388 314 454 334 habere,
462 315 477 330 et
486 314 501 331 in
510 315 572 331 mortali
582 319 618 336 pec>

134 342 171 357 cato
183 340 234 361 posili,
247 344 294 361 saepe
306 340 321 357 in
334 340 393 357 talibus
404 342 480 357 exercent
492 346 509 358 se
522 341 568 362 ipsos.

180 366 196 383 3.
208 366 284 388 Quintum
296 369 321 384 est
332 367 408 384 eludium
425 366 513 389 familiare
530 368 550 384 atl
566 372 618 389 expu-

134 393 199 415 gnanda
211 393 236 410 vel
248 393 359 410 mortificanda
371 393 408 410 vitia
420 395 436 411 et
447 394 515 411 virtutes
527 394 616 411 usitandas:

133 422 154 437 ut
165 420 268 442 semetipsum
280 420 371 441 humiliare,
383 420 417 437 irae
430 423 482 438 motus
494 421 586 442 reprimere,
596 421 617 438 lu-

133 447 199 464 xuriam
212 447 282 467 domare,
294 449 310 464 et
322 447 379 464 ceteris
391 447 433 465 vitiis
449 448 580 469 impugnantibus
594 452 617 464 re·

133 473 191 490 sistere
202 476 218 491 et
229 473 306 495 operibus
316 474 386 491 caritatis
394 476 410 497 et
417 474 516 491 obedientiae
525 476 540 491 et
548 474 616 491 aliarum

133 500 213 517 virtntnm
225 500 304 517 insistere.
316 501 393 522 Quamvis
404 501 447 518 enim
458 502 511 518 omnia
520 501 560 518 bona
568 505 616 522 opera

133 526 166 544 sint
178 527 242 544 virtutis
254 527 336 547 exercitia,
348 528 385 549 qnia
397 532 426 544 nee
438 527 497 545 bonum
514 533 554 549 opus
570 530 616 548 esset,

133 554 177 575 quod
189 554 250 571 nnllam
263 554 338 571 virtutem
351 554 446 576 respiceret;
458 557 510 571 tamen
527 555 571 571 aliud
587 556 616 574 est,

132 580 199 602 aliquod
211 580 270 597 bonum
287 585 328 602 opus
345 585 422 597 exeri-‘ere
440 581 533 602 simpliciter
551 584 616 603 propter

132 607 185 624 Deum
197 609 213 624 et
224 607 310 624 intentione
321 607 394 624 merendi
410 607 472 624 veniam
484 610 500 624 et
516 608 588 629 gloriam,
600 609 616 624 et

132 633 177 650 alind
189 635 213 650 est
225 633 241 651 id
254 634 306 656 ipsum
318 638 395 651 exercere
406 639 438 651 non
450 636 511 651 tantum
524 639 572 651 causa
585 639 616 651 me-

131 660 179 677 rendi
191 660 277 681 praedicta,
289 660 317 677 sed
329 661 377 677 etiam
389 665 419 682 per
430 660 461 677 hoe
472 661 554 677 obtinendi
567 661 615 677 virtu-

132 688 165 703 tem
177 687 207 704 sibi
225 687 336 704 whaerenletn
349 689 365 704 et
382 687 451 704 usitandi
469 692 504 704 eam
522 692 550 709 per
562 687 615 708 operis

131 713 228 731 exercitium
240 715 256 731 et
268 714 324 731 vitium
333 714 431 731 contrarium
439 714 553 736 expugnandi;
561 716 577 731 et
586 714 614 731 hoe

131 743 157 757 est
165 740 215 757 multu
223 740 279 758 utilius
287 745 335 762 qnam
345 741 384 758 illud
392 741 447 762 prins;
456 741 499 758 verbi
509 741 565 762 gratia,
573 741 614 757 alius

131 769 168 784 orat
179 767 278 789 simpliciter,
293 769 312 784 nt
329 772 358 789 per
374 768 404 785 hoc
421 768 495 789 impetret
512 770 614 789 peccatorum

131 798 200 811 snorum
208 794 271 811 veniam
280 794 305 811 vel
313 795 361 811 vitam
370 796 457 814 aeternam,
465 794 506 811 alius
514 794 561 811 etiam
570 799 614 815 prae-

131 822 157 838 ter
168 821 215 838 istam
228 821 330 838 intentionem
342 821 362 838 311
375 822 404 838 hoe
416 823 456 841 orat.
464 824 482 838 nt
493 821 587 838 assuefaciat
597 826 614 838 se

130 847 184 869 ipsum
197 847 213 864 in
224 848 300 865 orationis
317 848 371 865 studio
386 850 401 865 et
417 852 446 870 per
460 848 490 865 hoc
507 850 613 869 consequatur

130 874 199 896 gratiam
212 874 301 892 devotionis
312 877 329 892 et
340 878 404 896 gustum
416 875 480 892 divinae
497 875 586 892 dulcedinis
598 877 613 891 et

130 901 199 923 gratiam
211 901 275 918 divinae
286 901 398 918 familiaritatis
409 903 504 923 assequatur
514 903 530 918 et
542 901 613 918 notitiam

130 927 159 945 Dei
172 928 231 945 clarius
243 932 272 949 per
283 928 341 945 mentis
353 928 484 945 illuminationem
500 930 612 950 consequatur,

130 954 149 972 Et
162 954 198 972 licet
210 955 251 972 aetio
263 954 321 977 prioris
332 955 374 972 bona
385 955 406 972 sit
417 957 433 972 et
441 955 522 972 meritoria
534 955 589 972 veniae
597 957 613 972 et
