<?xml version="1.0" encoding="UTF-8"?>
<!DOCTYPE html PUBLIC "-//W3C//DTD XHTML 1.0 Transitional//EN"
    "http://www.w3.org/TR/xhtml1/DTD/xhtml1-transitional.dtd">
<html xmlns="http://www.w3.org/1999/xhtml" xml:lang="en" lang="en">
 <head>
  <title>
</title>
<meta http-equiv="Content-Type" content="text/html;charset=utf-8" />
  <meta name='ocr-system' content='tesseract 3.04.00' />
  <meta name='ocr-capabilities' content='ocr_page ocr_carea ocr_par ocr_line ocrx_word'/>
</head>
<body>
  <div class='ocr_page' id='page_1' title='image "./deexterioriseti00davigoog_0179.png"; bbox 0 0 2792 4318; ppageno 0'>
   <div class='ocr_carea' id='block_1_1' title="bbox 288 199 908 266">
    <p class='ocr_par' dir='ltr' id='par_1_1' title="bbox 288 199 908 266">
     <span class='ocr_line' id='line_1_1' title="bbox 288 199 908 266; baseline -0.011 0"><span class='ocrx_word' id='word_1_1' title='bbox 288 199 351 266; x_wconf 74' lang='lat' dir='ltr'>tal</span> <span class='ocrx_word' id='word_1_2' title='bbox 626 213 715 261; x_wconf 80' lang='lat' dir='ltr'>crona</span> <span class='ocrx_word' id='word_1_3' title='bbox 738 213 908 262; x_wconf 85' lang='lat' dir='ltr'>sncunnus.</span> 
     </span>
    </p>
   </div>
   <div class='ocr_carea' id='block_1_2' title="bbox 282 318 1252 1476">
    <p class='ocr_par' dir='ltr' id='par_1_2' title="bbox 282 318 1252 1476">
     <span class='ocr_line' id='line_1_2' title="bbox 282 318 1251 407; baseline -0.006 -17"><span class='ocrx_word' id='word_1_4' title='bbox 282 322 344 390; x_wconf 86' lang='lat' dir='ltr'>fert</span> <span class='ocrx_word' id='word_1_5' title='bbox 366 320 519 407; x_wconf 80' lang='lat' dir='ltr'>quotidie,</span> <span class='ocrx_word' id='word_1_6' title='bbox 543 320 627 407; x_wconf 91' lang='lat' dir='ltr'>quod</span> <span class='ocrx_word' id='word_1_7' title='bbox 646 318 773 387; x_wconf 86' lang='lat' dir='ltr'>fidelem</span> <span class='ocrx_word' id='word_1_8' title='bbox 791 337 921 386; x_wconf 89' lang='lat' dir='ltr'>servum</span> <span class='ocrx_word' id='word_1_9' title='bbox 938 318 1008 385; x_wconf 89' lang='lat' dir='ltr'>eius</span> <span class='ocrx_word' id='word_1_10' title='bbox 1024 318 1152 386; x_wconf 81' lang='lat' dir='ltr'>deceret</span> <span class='ocrx_word' id='word_1_11' title='bbox 1168 335 1251 384; x_wconf 91' lang='lat' dir='ltr'>nun·</span> 
     </span>
     <span class='ocr_line' id='line_1_3' title="bbox 282 425 1252 515; baseline -0.002 -21"><span class='ocrx_word' id='word_1_12' title='bbox 282 447 379 515; x_wconf 91' lang='lat' dir='ltr'>quam</span> <span class='ocrx_word' id='word_1_13' title='bbox 402 426 444 494; x_wconf 87' lang='lat' dir='ltr'>ab</span> <span class='ocrx_word' id='word_1_14' title='bbox 469 428 539 494; x_wconf 87' lang='lat' dir='ltr'>eius</span> <span class='ocrx_word' id='word_1_15' title='bbox 564 427 659 494; x_wconf 88' lang='lat' dir='ltr'>laude</span> <span class='ocrx_word' id='word_1_16' title='bbox 690 445 825 506; x_wconf 89' lang='lat' dir='ltr'>cessare,</span> <span class='ocrx_word' id='word_1_17' title='bbox 856 444 1020 512; x_wconf 89' lang='lat' dir='ltr'>nunquam</span> <span class='ocrx_word' id='word_1_18' title='bbox 1056 425 1128 493; x_wconf 91' lang='lat' dir='ltr'>eins</span> <span class='ocrx_word' id='word_1_19' title='bbox 1159 425 1252 492; x_wconf 87' lang='lat' dir='ltr'>obse·</span> 
     </span>
     <span class='ocr_line' id='line_1_4' title="bbox 283 532 1249 622; baseline -0.003 -19"><span class='ocrx_word' id='word_1_20' title='bbox 283 536 393 622; x_wconf 93' lang='lat' dir='ltr'>quium</span> <span class='ocrx_word' id='word_1_21' title='bbox 418 535 572 602; x_wconf 83' lang='lat' dir='ltr'>fastidire.</span> <span class='ocrx_word' id='word_1_22' title='bbox 600 573 640 582; x_wconf 94' lang='lat'>—</span> <span class='ocrx_word' id='word_1_23' title='bbox 666 534 753 612; x_wconf 87' lang='lat' dir='ltr'>item,</span> <span class='ocrx_word' id='word_1_24' title='bbox 777 533 892 619; x_wconf 88' lang='lat' dir='ltr'>spoliat</span> <span class='ocrx_word' id='word_1_25' title='bbox 914 551 971 599; x_wconf 92' lang='lat' dir='ltr'>nos</span> <span class='ocrx_word' id='word_1_26' title='bbox 996 532 1106 598; x_wconf 92' lang='lat' dir='ltr'>multis</span> <span class='ocrx_word' id='word_1_27' title='bbox 1124 532 1249 600; x_wconf 90' lang='lat' dir='ltr'>meritis</span> 
     </span>
     <span class='ocr_line' id='line_1_5' title="bbox 284 623 1250 728; baseline -0.004 -18"><span class='ocrx_word' id='word_1_28' title='bbox 284 623 480 728; x_wconf 84' lang='lat' dir='ltr'>et-praemiis</span> <span class='ocrx_word' id='word_1_29' title='bbox 497 642 527 707; x_wconf 93' lang='lat' dir='ltr'>in</span> <span class='ocrx_word' id='word_1_30' title='bbox 544 640 651 720; x_wconf 90' lang='lat' dir='ltr'>caelo;</span> <span class='ocrx_word' id='word_1_31' title='bbox 668 649 786 708; x_wconf 88' lang='lat' dir='ltr'>tantam</span> <span class='ocrx_word' id='word_1_32' title='bbox 803 641 888 708; x_wconf 89' lang='lat' dir='ltr'>enim</span> <span class='ocrx_word' id='word_1_33' title='bbox 905 639 1037 725; x_wconf 80' lang='lat' dir='ltr'><strong>gloriam</strong></span> <span class='ocrx_word' id='word_1_34' title='bbox 1055 639 1141 706; x_wconf 93' lang='lat' dir='ltr'>omni</span> <span class='ocrx_word' id='word_1_35' title='bbox 1167 639 1250 706; x_wconf 88' lang='lat' dir='ltr'>hora</span> 
     </span>
     <span class='ocr_line' id='line_1_6' title="bbox 283 745 1249 834; baseline -0.002 -18"><span class='ocrx_word' id='word_1_36' title='bbox 283 748 481 833; x_wconf 79' lang='lat' dir='ltr'>negligimus,</span> <span class='ocrx_word' id='word_1_37' title='bbox 506 757 625 834; x_wconf 91' lang='lat' dir='ltr'>quanta</span> <span class='ocrx_word' id='word_1_38' title='bbox 649 749 731 814; x_wconf 86' lang='lat' dir='ltr'>bona</span> <span class='ocrx_word' id='word_1_39' title='bbox 767 747 892 814; x_wconf 86' lang='lat' dir='ltr'>interim</span> <span class='ocrx_word' id='word_1_40' title='bbox 928 745 1032 813; x_wconf 86' lang='lat' dir='ltr'>lacere</span> <span class='ocrx_word' id='word_1_41' title='bbox 1068 763 1249 830; x_wconf 84' lang='lat' dir='ltr'>possemus,</span> 
     </span>
     <span class='ocr_line' id='line_1_7' title="bbox 284 852 1247 938; baseline -0.002 -18"><span class='ocrx_word' id='word_1_42' title='bbox 284 855 310 920; x_wconf 94' lang='lat' dir='ltr'>si</span> <span class='ocrx_word' id='word_1_43' title='bbox 334 855 432 920; x_wconf 87' lang='lat' dir='ltr'>otiose</span> <span class='ocrx_word' id='word_1_44' title='bbox 455 871 524 920; x_wconf 91' lang='lat' dir='ltr'>eam</span> <span class='ocrx_word' id='word_1_45' title='bbox 550 853 767 938; x_wconf 81' lang='lat' dir='ltr'>transigimus,</span> <span class='ocrx_word' id='word_1_46' title='bbox 787 861 818 920; x_wconf 92' lang='lat' dir='ltr'>et</span> <span class='ocrx_word' id='word_1_47' title='bbox 841 852 929 918; x_wconf 91' lang='lat' dir='ltr'>nulla</span> <span class='ocrx_word' id='word_1_48' title='bbox 946 852 996 919; x_wconf 85' lang='lat' dir='ltr'>rel</span> <span class='ocrx_word' id='word_1_49' title='bbox 1014 852 1140 920; x_wconf 90' lang='lat' dir='ltr'>modica</span> <span class='ocrx_word' id='word_1_50' title='bbox 1157 869 1247 920; x_wconf 86' lang='lat' dir='ltr'>mora</span> 
     </span>
     <span class='ocr_line' id='line_1_8' title="bbox 284 941 1248 1047; baseline 0 -21"><span class='ocrx_word' id='word_1_51' title='bbox 284 961 445 1046; x_wconf 80' lang='lat' dir='ltr'>praeterit,</span> <span class='ocrx_word' id='word_1_52' title='bbox 468 979 532 1047; x_wconf 92' lang='lat' dir='ltr'>qua</span> <span class='ocrx_word' id='word_1_53' title='bbox 555 970 612 1027; x_wconf 88' lang='lat' dir='ltr'>aut</span> <span class='ocrx_word' id='word_1_54' title='bbox 635 978 698 1027; x_wconf 95' lang='lat' dir='ltr'>non</span> <span class='ocrx_word' id='word_1_55' title='bbox 723 941 915 1038; x_wconf 86' lang='lat' dir='ltr'>mereamur,</span> <span class='ocrx_word' id='word_1_56' title='bbox 931 969 987 1027; x_wconf 89' lang='lat' dir='ltr'>aut</span> <span class='ocrx_word' id='word_1_57' title='bbox 1009 960 1248 1028; x_wconf 87' lang='lat' dir='ltr'>demereamur.</span> 
     </span>
     <span class='ocr_line' id='line_1_9' title="bbox 285 1065 1249 1154; baseline 0.002 -22"><span class='ocrx_word' id='word_1_58' title='bbox 285 1105 328 1117; x_wconf 86' lang='lat'>—</span> <span class='ocrx_word' id='word_1_59' title='bbox 350 1067 438 1148; x_wconf 89' lang='lat' dir='ltr'>ltem,</span> <span class='ocrx_word' id='word_1_60' title='bbox 462 1086 534 1134; x_wconf 93' lang='lat' dir='ltr'>cum</span> <span class='ocrx_word' id='word_1_61' title='bbox 561 1067 597 1133; x_wconf 86' lang='lat' dir='ltr'>in</span> <span class='ocrx_word' id='word_1_62' title='bbox 619 1067 735 1134; x_wconf 78' lang='lat' dir='ltr'>mullis</span> <span class='ocrx_word' id='word_1_63' title='bbox 758 1065 965 1154; x_wconf 82' lang='lat' dir='ltr'>offendamus</span> <span class='ocrx_word' id='word_1_64' title='bbox 984 1068 992 1098; x_wconf 91' lang='lat'><em>¹</em></span> <span class='ocrx_word' id='word_1_65' title='bbox 1030 1067 1146 1144; x_wconf 80' lang='lat' dir='ltr'>Deum,</span> <span class='ocrx_word' id='word_1_66' title='bbox 1176 1086 1249 1136; x_wconf 94' lang='lat' dir='ltr'>con·</span> 
     </span>
     <span class='ocr_line' id='line_1_10' title="bbox 284 1174 1249 1261; baseline 0.001 -20"><span class='ocrx_word' id='word_1_67' title='bbox 284 1175 414 1242; x_wconf 86' lang='lat' dir='ltr'>veniens</span> <span class='ocrx_word' id='word_1_68' title='bbox 437 1181 494 1254; x_wconf 90' lang='lat' dir='ltr'>est,</span> <span class='ocrx_word' id='word_1_69' title='bbox 517 1186 553 1240; x_wconf 90' lang='lat' dir='ltr'>ut</span> <span class='ocrx_word' id='word_1_70' title='bbox 578 1183 714 1260; x_wconf 72' lang='lat' dir='ltr'>tempus</span> <span class='ocrx_word' id='word_1_71' title='bbox 738 1175 824 1261; x_wconf 93' lang='lat' dir='ltr'>quod</span> <span class='ocrx_word' id='word_1_72' title='bbox 848 1174 954 1241; x_wconf 89' lang='lat' dir='ltr'>adhuc</span> <span class='ocrx_word' id='word_1_73' title='bbox 978 1182 1078 1242; x_wconf 90' lang='lat' dir='ltr'>restat</span> <span class='ocrx_word' id='word_1_74' title='bbox 1098 1176 1192 1242; x_wconf 86' lang='lat' dir='ltr'>nobis</span> <span class='ocrx_word' id='word_1_75' title='bbox 1206 1175 1249 1242; x_wconf 91' lang='lat' dir='ltr'>ad</span> 
     </span>
     <span class='ocr_line' id='line_1_11' title="bbox 285 1281 1248 1368; baseline 0.002 -22"><span class='ocrx_word' id='word_1_76' title='bbox 285 1282 468 1361; x_wconf 87' lang='lat' dir='ltr'>vivendum,</span> <span class='ocrx_word' id='word_1_77' title='bbox 493 1289 579 1349; x_wconf 89' lang='lat' dir='ltr'>tanto</span> <span class='ocrx_word' id='word_1_78' title='bbox 603 1281 718 1350; x_wconf 90' lang='lat' dir='ltr'>melius</span> <span class='ocrx_word' id='word_1_79' title='bbox 734 1281 966 1368; x_wconf 85' lang='lat' dir='ltr'>expendamus,</span> <span class='ocrx_word' id='word_1_80' title='bbox 981 1289 1017 1349; x_wconf 89' lang='lat' dir='ltr'>nt</span> <span class='ocrx_word' id='word_1_81' title='bbox 1032 1282 1248 1349; x_wconf 82' lang='lat' dir='ltr'>redimamus</span> 
     </span>
     <span class='ocr_line' id='line_1_12' title="bbox 286 1389 842 1476; baseline -0.002 -21"><span class='ocrx_word' id='word_1_82' title='bbox 286 1398 423 1475; x_wconf 81' lang='lat' dir='ltr'>tempus,</span> <span class='ocrx_word' id='word_1_83' title='bbox 448 1389 531 1476; x_wconf 92' lang='lat' dir='ltr'>quod</span> <span class='ocrx_word' id='word_1_84' title='bbox 558 1389 642 1456; x_wconf 88' lang='lat' dir='ltr'>male</span> <span class='ocrx_word' id='word_1_85' title='bbox 666 1390 842 1456; x_wconf 89' lang='lat' dir='ltr'>amisimus.</span> 
     </span>
    </p>
   </div>
   <div class='ocr_carea' id='block_1_3' title="bbox 618 1601 909 1690">
    <p class='ocr_par' dir='ltr' id='par_1_3' title="bbox 618 1601 909 1690">
     <span class='ocr_line' id='line_1_13' title="bbox 618 1601 909 1690; baseline 0.003 -24"><span class='ocrx_word' id='word_1_86' title='bbox 618 1602 801 1690; x_wconf 76' lang='lat' dir='ltr'>Cantrncou</span> <span class='ocrx_word' id='word_1_87' title='bbox 826 1601 909 1668; x_wconf 83' lang='lat' dir='ltr'>lllll.</span> 
     </span>
    </p>
   </div>
   <div class='ocr_carea' id='block_1_4' title="bbox 561 1815 968 1883">
    <p class='ocr_par' dir='ltr' id='par_1_4' title="bbox 561 1815 968 1883">
     <span class='ocr_line' id='line_1_14' title="bbox 561 1815 968 1883; baseline 0 -3"><span class='ocrx_word' id='word_1_88' title='bbox 561 1816 607 1881; x_wconf 88' lang='lat' dir='ltr'>De</span> <span class='ocrx_word' id='word_1_89' title='bbox 630 1815 785 1882; x_wconf 82' lang='lat' dir='ltr'>remediis</span> <span class='ocrx_word' id='word_1_90' title='bbox 808 1816 968 1883; x_wconf 81' lang='lat' dir='ltr'>accidiae.</span> 
     </span>
    </p>
   </div>
   <div class='ocr_carea' id='block_1_5' title="bbox 378 1995 1250 2115">
    <p class='ocr_par' dir='ltr' id='par_1_5' title="bbox 378 1995 1250 2115">
     <span class='ocr_line' id='line_1_15' title="bbox 378 1995 1250 2115; baseline 0 -19"><span class='ocrx_word' id='word_1_91' title='bbox 378 1995 405 2096; x_wconf 92' lang='lat' dir='ltr'>l.</span> <span class='ocrx_word' id='word_1_92' title='bbox 431 2029 579 2096; x_wconf 82' lang='lat' dir='ltr'>Remedia</span> <span class='ocrx_word' id='word_1_93' title='bbox 602 2029 753 2096; x_wconf 83' lang='lat' dir='ltr'>cccidlce</span> <span class='ocrx_word' id='word_1_94' title='bbox 775 2039 849 2098; x_wconf 92' lang='lat' dir='ltr'>sunt</span> <span class='ocrx_word' id='word_1_95' title='bbox 873 2032 984 2109; x_wconf 93' lang='lat' dir='ltr'>multa,</span> <span class='ocrx_word' id='word_1_96' title='bbox 1016 2029 1070 2097; x_wconf 89' lang='lat' dir='ltr'>sed</span> <span class='ocrx_word' id='word_1_97' title='bbox 1105 1996 1250 2115; x_wconf 88' lang='lat' dir='ltr'>primum</span> 
     </span>
    </p>
   </div>
   <div class='ocr_carea' id='block_1_6' title="bbox 285 2134 1252 3400">
    <p class='ocr_par' dir='ltr' id='par_1_6' title="bbox 285 2134 1252 3400">
     <span class='ocr_line' id='line_1_16' title="bbox 286 2134 1251 2221; baseline 0.001 -20"><span class='ocrx_word' id='word_1_98' title='bbox 286 2143 317 2201; x_wconf 89' lang='lat' dir='ltr'>et</span> <span class='ocrx_word' id='word_1_99' title='bbox 340 2134 500 2202; x_wconf 83' lang='lat' dir='ltr'>efficacius</span> <span class='ocrx_word' id='word_1_100' title='bbox 523 2142 569 2202; x_wconf 89' lang='lat' dir='ltr'>est</span> <span class='ocrx_word' id='word_1_101' title='bbox 594 2151 706 2220; x_wconf 89' lang='lat' dir='ltr'>cogere</span> <span class='ocrx_word' id='word_1_102' title='bbox 730 2153 763 2202; x_wconf 89' lang='lat' dir='ltr'>se</span> <span class='ocrx_word' id='word_1_103' title='bbox 787 2135 826 2202; x_wconf 93' lang='lat' dir='ltr'>ad</span> <span class='ocrx_word' id='word_1_104' title='bbox 852 2154 888 2202; x_wconf 89' lang='lat' dir='ltr'>ea</span> <span class='ocrx_word' id='word_1_105' title='bbox 919 2135 1098 2221; x_wconf 85' lang='lat' dir='ltr'>spiritualia</span> <span class='ocrx_word' id='word_1_106' title='bbox 1131 2135 1251 2214; x_wconf 89' lang='lat' dir='ltr'>studia,</span> 
     </span>
     <span class='ocr_line' id='line_1_17' title="bbox 286 2241 1252 2328; baseline -0.001 -20"><span class='ocrx_word' id='word_1_107' title='bbox 286 2260 367 2328; x_wconf 91' lang='lat' dir='ltr'>quae</span> <span class='ocrx_word' id='word_1_108' title='bbox 392 2243 532 2309; x_wconf 84' lang='lat' dir='ltr'>maxime</span> <span class='ocrx_word' id='word_1_109' title='bbox 555 2242 675 2308; x_wconf 82' lang='lat' dir='ltr'>fastidit</span> <span class='ocrx_word' id='word_1_110' title='bbox 699 2242 804 2322; x_wconf 89' lang='lat' dir='ltr'>homo,</span> <span class='ocrx_word' id='word_1_111' title='bbox 828 2251 860 2309; x_wconf 87' lang='lat' dir='ltr'>et</span> <span class='ocrx_word' id='word_1_112' title='bbox 883 2243 1054 2328; x_wconf 83' lang='lat' dir='ltr'>praecipue</span> <span class='ocrx_word' id='word_1_113' title='bbox 1077 2241 1117 2308; x_wconf 89' lang='lat' dir='ltr'>ad</span> <span class='ocrx_word' id='word_1_114' title='bbox 1135 2243 1252 2308; x_wconf 88' lang='lat' dir='ltr'>oratio·</span> 
     </span>
     <span class='ocr_line' id='line_1_18' title="bbox 285 2348 1250 2434; baseline 0.002 -20"><span class='ocrx_word' id='word_1_115' title='bbox 285 2365 358 2416; x_wconf 94' lang='lat' dir='ltr'>nem</span> <span class='ocrx_word' id='word_1_116' title='bbox 382 2355 413 2415; x_wconf 89' lang='lat' dir='ltr'>et</span> <span class='ocrx_word' id='word_1_117' title='bbox 436 2349 680 2416; x_wconf 79' lang='lat' dir='ltr'>celebrationem</span> <span class='ocrx_word' id='word_1_118' title='bbox 705 2348 898 2428; x_wconf 84' lang='lat' dir='ltr'>divinorum,</span> <span class='ocrx_word' id='word_1_119' title='bbox 923 2349 1056 2428; x_wconf 90' lang='lat' dir='ltr'>tamdiu,</span> <span class='ocrx_word' id='word_1_120' title='bbox 1078 2365 1250 2434; x_wconf 88' lang='lat' dir='ltr'>quousque</span> 
     </span>
     <span class='ocr_line' id='line_1_19' title="bbox 285 2455 1250 2550; baseline -0.001 -27"><span class='ocrx_word' id='word_1_121' title='bbox 285 2474 343 2542; x_wconf 85' lang='lat' dir='ltr'>per</span> <span class='ocrx_word' id='word_1_122' title='bbox 366 2455 421 2523; x_wconf 86' lang='lat' dir='ltr'>Dei</span> <span class='ocrx_word' id='word_1_123' title='bbox 447 2456 581 2540; x_wconf 90' lang='lat' dir='ltr'>gratiam</span> <span class='ocrx_word' id='word_1_124' title='bbox 605 2462 749 2523; x_wconf 87' lang='lat' dir='ltr'>vertatur</span> <span class='ocrx_word' id='word_1_125' title='bbox 774 2456 863 2550; x_wconf 86' lang='lat' dir='ltr'>nobis</span> <span class='ocrx_word' id='word_1_126' title='bbox 887 2457 918 2521; x_wconf 94' lang='lat' dir='ltr'>in</span> <span class='ocrx_word' id='word_1_127' title='bbox 938 2455 1192 2523; x_wconf 85' lang='lat' dir='ltr'>oblectationem.</span> <span class='ocrx_word' id='word_1_128' title='bbox 1217 2455 1250 2522; x_wconf 88' lang='lat' dir='ltr'>Si</span> 
     </span>
     <span class='ocr_line' id='line_1_20' title="bbox 286 2561 1250 2647; baseline -0.002 -17"><span class='ocrx_word' id='word_1_129' title='bbox 286 2571 392 2630; x_wconf 89' lang='lat' dir='ltr'>autem</span> <span class='ocrx_word' id='word_1_130' title='bbox 417 2562 583 2629; x_wconf 79' lang='lat' dir='ltr'>differatur</span> <span class='ocrx_word' id='word_1_131' title='bbox 607 2562 679 2629; x_wconf 91' lang='lat' dir='ltr'>talis</span> <span class='ocrx_word' id='word_1_132' title='bbox 702 2563 813 2647; x_wconf 87' lang='lat' dir='ltr'>gratia,</span> <span class='ocrx_word' id='word_1_133' title='bbox 837 2562 1045 2630; x_wconf 89' lang='lat' dir='ltr'>nihilominus</span> <span class='ocrx_word' id='word_1_134' title='bbox 1068 2562 1109 2628; x_wconf 87' lang='lat' dir='ltr'>de</span> <span class='ocrx_word' id='word_1_135' title='bbox 1140 2561 1250 2628; x_wconf 89' lang='lat' dir='ltr'>labore</span> 
     </span>
     <span class='ocr_line' id='line_1_21' title="bbox 287 2669 1251 2749; baseline 0 -13"><span class='ocrx_word' id='word_1_136' title='bbox 287 2669 466 2738; x_wconf 89' lang='lat' dir='ltr'>luctaminis</span> <span class='ocrx_word' id='word_1_137' title='bbox 490 2670 640 2736; x_wconf 89' lang='lat' dir='ltr'>meritum</span> <span class='ocrx_word' id='word_1_138' title='bbox 664 2670 825 2749; x_wconf 89' lang='lat' dir='ltr'>accrescit,</span> <span class='ocrx_word' id='word_1_139' title='bbox 849 2677 880 2737; x_wconf 88' lang='lat' dir='ltr'>et</span> <span class='ocrx_word' id='word_1_140' title='bbox 897 2669 999 2736; x_wconf 86' lang='lat' dir='ltr'>virtus</span> <span class='ocrx_word' id='word_1_141' title='bbox 1019 2670 1202 2749; x_wconf 85' lang='lat' dir='ltr'>roboratur,</span> <span class='ocrx_word' id='word_1_142' title='bbox 1218 2678 1251 2736; x_wconf 88' lang='lat' dir='ltr'>et</span> 
     </span>
     <span class='ocr_line' id='line_1_22' title="bbox 286 2776 1252 2864; baseline -0.003 -20"><span class='ocrx_word' id='word_1_143' title='bbox 286 2795 344 2864; x_wconf 91' lang='lat' dir='ltr'>per</span> <span class='ocrx_word' id='word_1_144' title='bbox 367 2776 628 2845; x_wconf 90' lang='lat' dir='ltr'>consuetudinem</span> <span class='ocrx_word' id='word_1_145' title='bbox 654 2777 754 2862; x_wconf 90' lang='lat' dir='ltr'>magis</span> <span class='ocrx_word' id='word_1_146' title='bbox 778 2794 814 2843; x_wconf 92' lang='lat' dir='ltr'>ac</span> <span class='ocrx_word' id='word_1_147' title='bbox 839 2777 939 2862; x_wconf 90' lang='lat' dir='ltr'>magis</span> <span class='ocrx_word' id='word_1_148' title='bbox 962 2776 1102 2843; x_wconf 89' lang='lat' dir='ltr'>taedium</span> <span class='ocrx_word' id='word_1_149' title='bbox 1137 2776 1252 2842; x_wconf 93' lang='lat' dir='ltr'>minui·</span> 
     </span>
     <span class='ocr_line' id='line_1_23' title="bbox 287 2883 1252 2970; baseline -0.001 -18"><span class='ocrx_word' id='word_1_150' title='bbox 287 2893 349 2952; x_wconf 87' lang='lat' dir='ltr'>tur.</span> <span class='ocrx_word' id='word_1_151' title='bbox 375 2883 458 2950; x_wconf 88' lang='lat' dir='ltr'>Dens</span> <span class='ocrx_word' id='word_1_152' title='bbox 482 2885 565 2950; x_wconf 87' lang='lat' dir='ltr'>enim</span> <span class='ocrx_word' id='word_1_153' title='bbox 590 2901 651 2950; x_wconf 95' lang='lat' dir='ltr'>non</span> <span class='ocrx_word' id='word_1_154' title='bbox 678 2885 812 2970; x_wconf 88' lang='lat' dir='ltr'>requirit</span> <span class='ocrx_word' id='word_1_155' title='bbox 834 2902 853 2950; x_wconf 90' lang='lat' dir='ltr'>a</span> <span class='ocrx_word' id='word_1_156' title='bbox 876 2883 967 2951; x_wconf 85' lang='lat' dir='ltr'>nobis</span> <span class='ocrx_word' id='word_1_157' title='bbox 990 2883 1075 2969; x_wconf 92' lang='lat' dir='ltr'>quod</span> <span class='ocrx_word' id='word_1_158' title='bbox 1109 2901 1171 2950; x_wconf 95' lang='lat' dir='ltr'>non</span> <span class='ocrx_word' id='word_1_159' title='bbox 1197 2883 1252 2951; x_wconf 87' lang='lat' dir='ltr'>de·</span> 
     </span>
     <span class='ocr_line' id='line_1_24' title="bbox 286 2990 1251 3076; baseline -0.002 -18"><span class='ocrx_word' id='word_1_160' title='bbox 286 2991 342 3071; x_wconf 89' lang='lat' dir='ltr'>dit,</span> <span class='ocrx_word' id='word_1_161' title='bbox 366 2991 484 3058; x_wconf 91' lang='lat' dir='ltr'>scilicet</span> <span class='ocrx_word' id='word_1_162' title='bbox 500 2992 635 3076; x_wconf 88' lang='lat' dir='ltr'>gratiam</span> <span class='ocrx_word' id='word_1_163' title='bbox 653 2991 839 3070; x_wconf 88' lang='lat' dir='ltr'>denotionis,</span> <span class='ocrx_word' id='word_1_164' title='bbox 856 2991 912 3058; x_wconf 89' lang='lat' dir='ltr'>sed</span> <span class='ocrx_word' id='word_1_165' title='bbox 930 2992 989 3058; x_wconf 89' lang='lat' dir='ltr'>hoc</span> <span class='ocrx_word' id='word_1_166' title='bbox 1008 2990 1087 3070; x_wconf 88' lang='lat' dir='ltr'>vult,</span> <span class='ocrx_word' id='word_1_167' title='bbox 1102 2997 1139 3058; x_wconf 92' lang='lat' dir='ltr'>ut</span> <span class='ocrx_word' id='word_1_168' title='bbox 1154 3007 1251 3076; x_wconf 89' lang='lat' dir='ltr'>quae·</span> 
     </span>
     <span class='ocr_line' id='line_1_25' title="bbox 286 3097 1248 3183; baseline -0.004 -17"><span class='ocrx_word' id='word_1_169' title='bbox 286 3117 407 3179; x_wconf 90' lang='lat' dir='ltr'>ramus,</span> <span class='ocrx_word' id='word_1_170' title='bbox 432 3107 463 3166; x_wconf 90' lang='lat' dir='ltr'>et</span> <span class='ocrx_word' id='word_1_171' title='bbox 486 3115 558 3165; x_wconf 90' lang='lat' dir='ltr'>cum</span> <span class='ocrx_word' id='word_1_172' title='bbox 584 3098 718 3177; x_wconf 88' lang='lat' dir='ltr'>dederit,</span> <span class='ocrx_word' id='word_1_173' title='bbox 749 3115 976 3166; x_wconf 87' lang='lat' dir='ltr'>conservemus</span> <span class='ocrx_word' id='word_1_174' title='bbox 1000 3105 1033 3165; x_wconf 92' lang='lat' dir='ltr'>et</span> <span class='ocrx_word' id='word_1_175' title='bbox 1065 3097 1185 3183; x_wconf 88' lang='lat' dir='ltr'>gratias</span> <span class='ocrx_word' id='word_1_176' title='bbox 1219 3097 1248 3164; x_wconf 89' lang='lat' dir='ltr'>ei</span> 
     </span>
     <span class='ocr_line' id='line_1_26' title="bbox 286 3203 1251 3292; baseline 0 -20"><span class='ocrx_word' id='word_1_177' title='bbox 286 3224 428 3292; x_wconf 84' lang='lat' dir='ltr'>agamus.</span> <span class='ocrx_word' id='word_1_178' title='bbox 454 3205 603 3274; x_wconf 86' lang='lat' dir='ltr'>Possibile</span> <span class='ocrx_word' id='word_1_179' title='bbox 627 3205 709 3273; x_wconf 93' lang='lat' dir='ltr'>euim</span> <span class='ocrx_word' id='word_1_180' title='bbox 734 3213 792 3283; x_wconf 89' lang='lat' dir='ltr'>cst,</span> <span class='ocrx_word' id='word_1_181' title='bbox 807 3205 947 3292; x_wconf 87' lang='lat' dir='ltr'>aliquem</span> <span class='ocrx_word' id='word_1_182' title='bbox 964 3205 1157 3292; x_wconf 87' lang='lat' dir='ltr'>quandoque</span> <span class='ocrx_word' id='word_1_183' title='bbox 1174 3203 1251 3290; x_wconf 89' lang='lat' dir='ltr'>ptus</span> 
     </span>
     <span class='ocr_line' id='line_1_27' title="bbox 287 3312 1247 3400; baseline 0.001 -21"><span class='ocrx_word' id='word_1_184' title='bbox 287 3315 402 3380; x_wconf 87' lang='lat' dir='ltr'>mereri</span> <span class='ocrx_word' id='word_1_185' title='bbox 426 3314 458 3381; x_wconf 97' lang='lat' dir='ltr'>in</span> <span class='ocrx_word' id='word_1_186' title='bbox 483 3313 615 3400; x_wconf 84' lang='lat' dir='ltr'>pugna²</span> <span class='ocrx_word' id='word_1_187' title='bbox 640 3313 757 3381; x_wconf 90' lang='lat' dir='ltr'>laboris</span> <span class='ocrx_word' id='word_1_188' title='bbox 781 3331 840 3399; x_wconf 90' lang='lat' dir='ltr'>pro</span> <span class='ocrx_word' id='word_1_189' title='bbox 862 3313 1034 3380; x_wconf 87' lang='lat' dir='ltr'>obtinenda</span> <span class='ocrx_word' id='word_1_190' title='bbox 1065 3312 1247 3393; x_wconf 81' lang='lat' dir='ltr'>devotione,</span> 
     </span>
    </p>
   </div>
   <div class='ocr_carea' id='block_1_7' title="bbox 358 3451 1016 3612">
    <p class='ocr_par' dir='ltr' id='par_1_7' title="bbox 358 3451 1016 3612">
     <span class='ocr_line' id='line_1_28' title="bbox 358 3451 1016 3520; baseline 0 -15"><span class='ocrx_word' id='word_1_191' title='bbox 358 3451 367 3483; x_wconf 90' lang='lat'><strong>¹</strong></span> <span class='ocrx_word' id='word_1_192' title='bbox 388 3455 435 3505; x_wconf 89' lang='lat' dir='ltr'>lac.</span> <span class='ocrx_word' id='word_1_193' title='bbox 456 3455 480 3519; x_wconf 89' lang='grc'>3,</span> <span class='ocrx_word' id='word_1_194' title='bbox 501 3456 526 3506; x_wconf 72' lang='lat'>2.</span> <span class='ocrx_word' id='word_1_195' title='bbox 545 3455 635 3508; x_wconf 84' lang='lat' dir='ltr'>Postea</span> <span class='ocrx_word' id='word_1_196' title='bbox 655 3455 795 3520; x_wconf 86' lang='lat' dir='ltr'>resplcitur</span> <span class='ocrx_word' id='word_1_197' title='bbox 813 3454 909 3520; x_wconf 87' lang='lat' dir='ltr'>Ephes.</span> <span class='ocrx_word' id='word_1_198' title='bbox 927 3455 952 3520; x_wconf 82' lang='lat'>5,</span> <span class='ocrx_word' id='word_1_199' title='bbox 974 3454 1016 3506; x_wconf 85' lang='lat' dir='ltr'>l6.</span> 
     </span>
     <span class='ocr_line' id='line_1_29' title="bbox 358 3543 688 3612; baseline 0.003 -16"><span class='ocrx_word' id='word_1_200' title='bbox 358 3544 368 3578; x_wconf 75' lang='lat'><strong>²</strong></span> <span class='ocrx_word' id='word_1_201' title='bbox 387 3543 456 3596; x_wconf 78' lang='lat' dir='ltr'>Alias</span> <span class='ocrx_word' id='word_1_202' title='bbox 475 3545 570 3610; x_wconf 86' lang='lat' dir='ltr'>legitur</span> <span class='ocrx_word' id='word_1_203' title='bbox 592 3557 688 3612; x_wconf 83' lang='lat' dir='ltr'>poena.</span> 
     </span>
    </p>
   </div>
   <div class='ocr_carea' id='block_1_8' title="bbox 0 0 1406 4318">
    <p class='ocr_par' dir='ltr' id='par_1_8' title="bbox 0 0 1406 4318">
     <span class='ocr_line' id='line_1_30' title="bbox 0 0 1406 4318; baseline 0 0"><span class='ocrx_word' id='word_1_204' title='bbox 0 0 1406 4318; x_wconf 95' lang='lat' dir='ltr'> </span> 
     </span>
    </p>
   </div>
  </div>
 </body>
</html>
