2742 4320
300 268 341 314 oo
364 267 406 314 vu
429 265 641 316 raocussmus.
665 264 838 314 ruooassus
860 265 913 312 vu.
1024 246 1088 316 339

121 374 170 441 illi
200 373 253 440 limi
286 374 488 459 propinquat.
528 405 568 420 —-
597 370 701 438 Primo
735 370 819 438 enim
854 369 1009 440 assuescit
1043 371 1091 438 di·

121 480 310 566 spersr'ooes
327 478 518 558 memoriae,
531 477 650 564 quibos
664 495 720 563 per
733 477 861 546 diversa
878 477 990 544 muudi
1007 477 1091 546 oble·

123 594 283 655 etameota
306 595 338 654 et
360 587 597 671 implicamenta
631 585 783 653 distracta
818 584 1005 670 vagabatur,
1026 603 1089 671 per

123 684 238 762 usum
251 693 377 760 muudi
398 691 549 779 oollipere
571 701 603 759 et
626 693 658 758 io
676 710 777 760 uuum
794 691 913 759 bouum
937 690 1089 778 deligere,

123 801 209 887 quod
235 809 283 868 est
307 800 379 868 bois
402 798 545 867 omnium
576 798 830 867 desideraturum
866 807 898 868 et
921 799 1090 868 delectabi-

123 908 216 975 lium.
240 907 299 974 Sed
326 907 401 993 quia
424 907 531 974 adbuc
556 906 709 974 memoria
733 906 858 974 lubrica
878 914 927 975 est
941 914 973 974 et
997 907 1090 975 iusta·

125 1013 208 1092 bilis,
232 1030 269 1079 eo
304 1011 390 1098 quod
427 1011 537 1078 multis
573 1017 604 1078 et
629 1009 879 1080 multiformibus
910 1013 1009 1080 rebus
1032 1012 1090 1082 diu

125 1118 281 1196 adhaesit,
313 1109 483 1204 quaerens,
506 1117 538 1184 in
573 1116 692 1203 quibos
715 1117 931 1186 delectaretur
956 1119 1007 1187 vel
1038 1137 1090 1188 cu·

124 1225 209 1292 riose
239 1233 462 1310 occuparetur,
496 1232 528 1291 et
562 1225 704 1291 noudum
741 1225 825 1292 valet
856 1225 1013 1294 stabiliter
1044 1227 1089 1294 iu·

126 1333 262 1400 haerere
298 1331 425 1408 divinis„
450 1330 500 1398 vei
532 1338 662 1418 propter
693 1331 848 1417 evagandi
885 1334 1090 1401 eonsuetudi-

126 1457 212 1518 nem,
237 1439 285 1506 vel
328 1446 458 1524 propter
498 1444 625 1506 tenuem
666 1437 883 1524 spiritualium
923 1439 1090 1520 notitiam3

126 1546 198 1614 ideo
222 1545 323 1612 utitur
341 1544 557 1612 sustentaculo
582 1544 754 1612 verborum
772 1544 804 1611 in
827 1545 980 1625 oratioue,
1004 1564 1086 1632 qttae

127 1650 265 1737 Spiritus
288 1658 417 1718 sauctus
440 1651 480 1717 ad
505 1651 565 1718 boe
588 1649 774 1736 inspirando
810 1650 993 1719 bominibus
1028 1652 1088 1719 mi-

128 1757 286 1837 nistravit,
315 1763 360 1835 ot,
385 1773 442 1843 per
472 1775 510 1824 ea
542 1774 630 1824 more
665 1756 877 1843 parvulorum
910 1757 1001 1843 quasi
1037 1759 1089 1828 ba-

128 1863 210 1932 culis
233 1864 411 1943 sustentati,
435 1872 621 1931 assuescant
652 1880 823 1948 assurgere
853 1871 885 1930 et
907 1863 1032 1950 erigere
1055 1881 1089 1932 se

127 1969 169 2038 ad
193 1969 306 2037 Deum.
331 1970 367 2038 et
390 1970 450 2036 boe
473 1969 609 2049 lituum
629 1969 874 2037 bomoconator
898 1969 1007 2039 verbis
1022 1989 1090 2040 ora·

127 2077 250 2144 tionum
277 2076 326 2144 vel
357 2076 556 2144 Psalmorum
581 2077 746 2144 intendere
770 2085 802 2144 et
825 2077 1021 2148 intellectum
1046 2097 1089 2148 ex

126 2185 173 2252 eis
196 2183 535 2270 spiritualemelioere
559 2193 591 2252 et
614 2184 790 2252 deuotionis
814 2185 963 2253 affectum
979 2187 1090 2272 expri-

126 2309 226 2371 mere,
250 2292 333 2359 sieut
355 2292 408 2379 qui
434 2310 475 2360 ex
500 2293 583 2360 duro
607 2292 694 2360 silice
718 2292 804 2360 ferro
827 2294 932 2378 iguem
957 2295 1090 2375 excutit,

125 2398 181 2484 qui
206 2397 365 2466 illuminat
387 2405 419 2465 et
442 2399 594 2466 adcendit.
627 2399 687 2466 Sed
719 2416 777 2485 per
801 2399 968 2467 assiduum
993 2417 1089 2466 usum

126 2503 239 2570 orandi
276 2521 348 2572 eom
383 2504 543 2572 adiutorio
578 2504 699 2590 gratiae
722 2504 789 2583 Dei,
821 2522 903 2590 quae
938 2504 1090 2574 studiosis

124 2609 312 2697 proficiendi
347 2627 475 2696 semper
506 2610 678 2678 subvenire
710 2618 821 2696 parata
844 2617 902 2690 est,
925 2610 1090 2678 memoria

125 2717 300 2803 aliquando
324 2716 449 2804 prolicit
472 2725 503 2784 et
525 2716 696 2797 stabilitor,
729 2716 791 2783 iam
820 2716 888 2784 siue
916 2718 1006 2800 gravi
1034 2716 1091 2784 dil·

125 2823 269 2892 tieuitate
293 2824 377 2892 valet
400 2825 532 2892 orationi
558 2824 723 2892 intendere
739 2831 770 2891 et
787 2824 988 2909 evagationes
1005 2842 1090 2892 men-

128 2930 169 2998 tis
192 2931 284 3000 facile
307 2931 476 3012 uobibere;
499 2932 592 2999 iuxta
615 2931 696 2998 iilud
721 2930 836 2998 Psalmi
850 2933 878 2998 l:
896 2930 1090 3018 Aedifieaos

126 3039 313 3106 Ierusalem
336 3037 512 3118 Dominus,
545 3038 767 3125 dispersiones
790 3039 930 3106 Israelis
953 3057 1090 3126 ruopre-

124 3145 229 3232 pabit.

216 3256 246 3319 a.
270 3252 492 3340 lotellipeotiu
515 3252 621 3333 etiam,
645 3270 728 3338 quae
751 3252 843 3338 prius
866 3253 957 3338 quasi
981 3269 1092 3320 eaeeo·

124 3360 207 3428 tiens
231 3360 301 3439 tuit,
324 3360 541 3429 exterioribus
564 3368 595 3427 et
611 3359 791 3427 visibilibus
811 3360 964 3439 involute,
980 3358 1092 3446 iuoipit

125 3467 253 3535 dilatari
276 3475 308 3534 et
331 3467 486 3536 illustrari
513 3467 754 3536 adridendum
786 3485 868 3554 quae
899 3467 990 3553 prius
1024 3485 1089 3534 nou

196 3589 267 3645 1Ρε.
289 3592 348 3660 llb,
368 3595 393 3645 b.
