2808 4318
289 207 352 272 162
640 225 729 271 crana
752 223 890 272 rnarrns.

375 332 406 396 9.
431 328 597 396 Secundus
620 338 668 398 est
692 331 724 395 in
748 329 861 396 labore
883 327 1072 423 corporalis
1088 327 1254 396 exercitu-

286 436 397 514 tioais,
420 437 507 522 quia,
529 452 603 502 curn
627 436 709 502 sicut
734 453 856 522 pauper
880 435 1022 502 nondum
1039 435 1184 502 invenire
1201 452 1254 500 ra·

285 540 349 608 leat
371 541 511 627 pretiosa
534 558 679 621 munera,
703 558 785 627 quae
820 541 851 607 in
889 559 971 627 opus
994 540 1168 608 sanctuarii
1192 539 1256 606 Du

175 707 179 716 ,
286 647 372 714 mino
395 648 517 727 oderat,
541 648 614 715 lacit
637 657 744 714 umen
767 649 853 735 quod
879 654 991 734 potest,
1014 647 1100 733 pilos
1125 666 1254 733 copra-

286 773 366 819 rum
389 763 419 820 ct
450 753 550 840 pelles
572 755 743 822 ιινίειιιυι1
773 755 921 835 offerens,
945 752 1101 821 coliibeas
1126 773 1256 842 corpus

285 879 387 927 suum
410 858 553 928 hostium
577 861 748 941 uiuentem,
771 871 940 940 coactum,
965 863 1030 928 Deo
1045 861 1255 948 placentem,-

286 966 359 1034 licet
381 969 574 1054 quandoque
609 969 716 1036 minus
750 968 953 1035 rationabile
984 969 1029 1035 sit
1059 969 1132 1036 eius
1166 968 1256 1036 obse

286 1074 416 1163 picium,
442 1083 573 1162 propter
595 1074 799 1142 indiscretam
831 1075 976 1162 corporis
998 1075 1253 1161 castigationem,

286 1199 351 1267 qua
373 1199 493 1268 corpus
516 1181 705 1262 destruitur,
728 1191 761 1249 et
783 1182 867 1249 vires
891 1181 1054 1261 deliciunt,
1078 1190 1110 1249 et
1135 1200 1254 1250 sensus

288 1288 456 1368 amittitur,
479 1297 511 1356 et
532 1287 665 1374 spiritus
688 1288 916 1374 exstinguitur,
932 1296 963 1355 et
980 1297 1064 1356 totus
1082 1289 1250 1374 prolectus

288 1397 463 1483 spiritualis
487 1396 685 1482 dissipatur;
708 1396 835 1463 Levitici
861 1395 1045 1463 secundo¹:
1081 1397 1123 1462 lo
1153 1396 1251 1462 omni

287 1501 450 1569 obmtiooe
485 1511 544 1568 tuo
578 1499 694 1590 offeres
727 1500 793 1580 sol,
826 1502 945 1570 scilicet
976 1503 1190 1582 discretionis,
1213 1509 1255 1569 ut

289 1627 347 1677 nec
370 1609 408 1675 ad
435 1609 603 1676 dexteram
626 1626 684 1694 per
716 1609 850 1676 nimium
887 1609 1039 1690 laborem,
1062 1627 1121 1676 nec
1144 1610 1186 1676 ad
1210 1609 1254 1677 si-

285 1715 418 1783 nistram
443 1715 659 1802 pernimium
685 1724 826 1801 teporem
862 1735 880 1781 a
913 1716 964 1781 via
989 1715 1075 1802 regia
1098 1715 1253 1784 declines.

285 1824 395 1888 Anima
418 1823 502 1890 enim
526 1830 575 1890 est
598 1823 788 1891 immortalis
810 1832 842 1890 et
876 1843 938 1890 non
963 1831 1065 1909 potest
1100 1823 1253 1903 deficere,

285 1938 317 1994 et
341 1928 411 1996 ideo
435 1946 551 2015 corpus
575 1931 782 2016 corruptibile
806 1937 838 1999 et
861 1948 917 1998 ras
941 1929 1036 1996 fictile
1059 1947 1122 1995 non
1146 1936 1254 2014 potest

287 2035 463 2122 aequaliter
487 2055 560 2104 curu
584 2055 622 2102 ea
656 2037 849 2104 contendere
883 2036 1044 2104 currendo
1067 2045 1099 2102 et
1123 2043 1252 2102 mutum

286 2142 370 2211 ferre
387 2143 514 2223 laboris,
536 2152 691 2230 quantum
717 2145 771 2210 illa
787 2151 890 2231 potest
906 2161 1021 2230 capere
1037 2143 1181 2222 fervidae
1199 2162 1253 2210 vo

286 2248 427 2315 luntatis.
460 2248 574 2316 Ebrius
604 2249 797 2336 quandoque
827 2250 925 2334 agitat
948 2249 1094 2317 celeriter
1117 2266 1253 2336 equum,

287 2353 337 2418 cui
363 2353 487 2433 insidet,
504 2370 568 2419 non
583 2355 798 2434 considerans
822 2355 919 2442 qnod,
943 2370 1016 2422 cum
1042 2354 1109 2440 ipse
1125 2361 1253 2421 aestuet

288 2460 371 2540 vino,
394 2462 464 2527 eius
489 2461 570 2528 rude
593 2461 711 2528 animal
728 2481 790 2529 non
807 2464 849 2530 sit
864 2463 1012 2530 satiatum
1029 2462 1132 2538 loeno,
1147 2471 1179 2529 et
1195 2462 1252 2542 ita,

288 2566 366 2632 darm
391 2585 490 2652 supra
513 2584 606 2654 posse
640 2567 787 2634 laborare
810 2569 945 2653 cogitur,
969 2568 1030 2636 sub
1053 2585 1178 2636 sessore
1201 2585 1252 2635 ca-

286 2673 375 2754 dens,
400 2675 524 2742 tardius
546 2692 620 2742 enm
643 2676 686 2742 ad
710 2676 827 2756 locum,
849 2695 914 2762 quo
938 2677 1049 2757 tendit,
1081 2674 1252 2762 pervenire

288 2780 370 2860 lacit,
394 2799 492 2867 quam
509 2782 536 2848 si
553 2782 712 2850 morosius
727 2782 922 2850 cursitasset.
939 2782 983 2850 ad
1001 2782 1157 2850 Romanos
1173 2782 1253 2850 duo-

288 2887 449 2954 decimo⁸:
466 2886 673 2954 nortmanno
683 2889 728 2954 sit
739 2888 931 2978 obsequium
943 2897 1107 2967 oestrum·
1123 2889 1251 2957 Glossa:

293 2994 352 3060 «ld
370 3003 418 3061 est
435 3013 508 3062 cum
525 2994 725 3076 discretione,
750 3014 789 3063 ne
811 2996 890 3082 quid
915 2995 1009 3064 nimis
1025 2996 1075 3075 sit,
1099 2995 1156 3064 sed
1172 3012 1249 3063 cum

289 3102 499 3188 temperantia
522 3119 658 3188 corpora
681 3110 787 3170 restra
822 3103 992 3188 castigetis,
1015 3108 1050 3169 ut
1073 3118 1136 3168 non
1161 3109 1253 3170 natu·

205 3269 212 3290 Ι
290 3225 343 3274 rae
367 3208 492 3276 delectu
517 3217 671 3293 cogantur
694 3208 836 3289 dissolri,
852 3208 909 3277 sed
932 3209 1018 3278 vitiis
1034 3207 1161 3276 mori».
1177 3207 1254 3278 Gra

359 3366 369 3397 ¹
389 3369 469 3422 Erud.
489 3369 531 3435 25,
551 3369 576 3422 l.
595 3384 650 3437 seq.
670 3368 769 3423 Deinde
787 3372 907 3438 sequitur
926 3371 1001 3424 Rom.
1021 3370 1064 3436 il,
1079 3371 1104 3423 l.

360 3453 465 3509 'Vera
486 3458 529 3510 ⁴3.

359 3543 370 3574 ⁸
389 3546 465 3599 Vers.
485 3547 509 3599 l.
529 3553 554 3600 et
572 3548 618 3602 clr.
637 3546 674 3601 lb.
692 3547 784 3601 Glossa
802 3545 873 3614 apud
892 3547 1082 3602 lombardum.
