2776 4316
298 263 340 310 uu
363 263 406 309 vn
429 261 641 312 rnucusstous.
665 261 837 310 caucaseos
860 261 912 307 vn.
1024 242 1088 310 315

120 368 295 450 tentarios,
319 387 380 436 non
405 367 557 455 cogendo,
581 368 636 436 sed
663 366 847 453 inspirando
862 373 895 435 et
910 367 1090 434 occasiones

121 476 341 564 procurando.

217 585 247 650 8.
272 583 427 668 Quintum
450 599 532 669 opus
555 581 610 650 Dei
635 587 685 650 est
699 579 782 648 iusta
799 579 1018 648 meritorum¹
1041 598 1090 646 re·
1178 631 1183 648 ,

123 689 267 756 tributio
291 689 395 776 quoad
420 689 584 776 reprobos,
609 688 639 755 in
664 707 728 774 quo
746 687 895 757 iaudator
911 687 981 754 eius
996 705 1090 754 mun

122 797 224 875 ditia,
250 815 313 884 qua
337 795 513 864 detestatur
536 811 630 862 omne
654 793 766 864 uitium
791 803 823 862 et
859 799 1022 880 peccatum
1058 797 1090 860 et

122 921 221 970 omne
246 902 363 970 bonum
389 902 491 986 diligit
513 911 545 970 et
568 899 747 986 congaudet
769 899 861 986 quasi
886 899 946 966 sibi
970 900 1086 968 conde-

123 1010 209 1076 centi
235 1009 327 1076 itiinn.
350 1045 394 1056 -
418 1009 580 1076 Laudatur
616 1008 711 1074 etiam
748 1006 818 1074 eius
853 1006 997 1086 iustitia,
1025 1025 1090 1092 qua

124 1116 250 1182 maium
276 1114 467 1201 impunitum
493 1133 554 1182 non
579 1115 700 1200 patitur
724 1121 756 1182 et
784 1114 961 1180 secundum
994 1115 1090 1180 meri-

124 1229 197 1290 tum
223 1239 318 1290 suum
337 1221 417 1288 iocat
433 1221 464 1287 in
490 1229 618 1306 peccato
642 1227 911 1306 perseverantem,
928 1228 960 1288 et
974 1238 1038 1306 qrro
1054 1237 1089 1288 sa

124 1325 276 1414 spoiiarit
308 1333 453 1412 peccator
478 1326 582 1412 privat
604 1345 691 1405 eum,
715 1334 747 1393 et
778 1325 919 1394 fructum
955 1341 1089 1410 operum

124 1450 264 1501 suorum
288 1433 362 1499 iacit
384 1451 457 1501 eum
484 1434 514 1500 in
540 1434 706 1500 tormentis
729 1441 870 1518 gustare.
894 1470 937 1482 -
963 1433 997 1500 Et
1022 1431 1090 1498 iau-

124 1541 224 1607 datur
247 1539 317 1608 eius
339 1538 599 1626 sapientiaque
622 1540 680 1606 scit
696 1539 791 1606 atium
810 1540 849 1606 de
866 1538 959 1606 maiis
974 1537 1090 1606 eiicere

124 1645 210 1714 bona
235 1653 267 1714 et
289 1663 401 1732 cogere
424 1646 484 1716 sibi
508 1647 630 1714 seruire
663 1647 693 1714 iu
725 1664 827 1732 poena
850 1645 904 1733 qni
941 1645 1091 1712 nolebant

124 1751 155 1820 ei
181 1751 314 1818 subesse
331 1751 361 1818 in
378 1752 482 1837 culpa.
502 1753 537 1820 Et
552 1753 680 1820 ordinat
696 1751 802 1818 omnia
818 1752 932 1818 cedere
950 1750 1041 1818 maiis
1058 1750 1089 1818 in

123 1876 273 1944 poenam,
297 1874 379 1946 quae
404 1859 455 1926 hic
477 1866 700 1926 converterant
722 1859 762 1926 ad
781 1865 957 1944 peccatum,
973 1867 1008 1926 ut
1023 1875 1091 1925 cor·

124 1983 200 2052 pus,
223 1964 428 2044 intellectum,
452 1973 579 2050 tempus
596 1983 747 2050 praeseus
770 1972 801 2032 et
823 1963 895 2043 aiia,
912 1981 994 2051 quae
1016 1964 1090 2032 data

124 2072 172 2140 eis
185 2071 312 2139 fuerant
325 2071 373 2138 rei
386 2071 491 2138 oblata
503 2071 544 2138 ad
557 2071 752 2138 occasionem
771 2070 913 2137 merendi
926 2078 958 2136 et
970 2069 1090 2156 gloriae

124 2186 346 2265 augmentum,
370 2197 453 2266 quae
478 2179 536 2265 ipsi
561 2178 852 2246 converteruntad
878 2177 1029 2265 peccandi
1047 2177 1091 2243 in-

125 2293 354 2365 strumentum,
377 2286 433 2354 sed
458 2284 513 2353 Dei
539 2285 659 2352 iustitia
682 2285 760 2352 haec
792 2285 838 2352 eis
868 2286 1025 2354 convertit
1048 2282 1088 2351 ad

26 2474 31 2482 Ι
124 2390 259 2478 poenae
279 2392 462 2464 comitium:
487 2410 622 2478 corpus,
658 2409 716 2477 per
747 2393 831 2478 quod
862 2393 914 2461 nic
938 2407 1089 2478 peccaue-

124 2506 214 2577 runt,
231 2498 295 2566 iiiic
312 2499 342 2565 iu
360 2517 460 2585 poena
477 2499 640 2585 recipient,
657 2505 692 2565 ut
708 2517 766 2584 per
784 2499 842 2566 hoc
859 2498 999 2584 amptius
1014 2515 1088 2564 oru-

126 2607 271 2686 cientur3
296 2605 491 2674 intellectum
514 2606 554 2674 ad
580 2606 767 2692 temporalia
791 2611 1027 2683 converterunt,
1059 2612 1090 2672 et

125 2732 185 2804 per
202 2713 289 2785 hunc
306 2713 557 2782 inexcusabilius
573 2713 829 2791 accusabuntur;
846 2720 985 2798 tempora,
1002 2711 1089 2798 qriod

125 2822 167 2889 ad
193 2819 258 2888 Deo
280 2819 485 2888 serviendum
510 2827 709 2906 acceperant,
733 2818 764 2884 in
790 2825 918 2905 peccato
942 2835 1090 2886 consum·

125 2934 249 3004 serunt,
272 2932 304 2993 et
328 2925 399 2994 ideo
433 2924 502 2992 sine
536 2924 599 2992 stne
630 2925 814 3012 punientur,
838 2924 920 2990 sicut
951 2923 1002 2990 iiio
1025 2941 1088 2991 non

127 3041 307 3120 posuerunt
330 3032 426 3100 tinem
450 3031 483 3098 in
507 3040 645 3117 peccato,
669 3038 706 3098 ut
736 3031 790 3116 qui
821 3040 951 3116 peccant
975 3029 1006 3096 in
1030 3047 1090 3098 suo

126 3146 257 3208 aeterno
280 3136 334 3206 tto
357 3138 534 3225 puniantur
559 3138 589 3204 in
614 3145 743 3205 aeterno
760 3136 815 3203 [tei
840 3135 920 3215 iilic,
937 3136 1038 3221 etqui
1057 3136 1088 3204 in

125 3245 230 3312 Deum
256 3245 414 3312 infinitum
438 3253 651 3330 peccaverunt
675 3244 706 3310 iu
732 3243 890 3311 infinitum
907 3243 1012 3330 quoad
1031 3242 1088 3310 du·

125 3352 282 3420 rationem
309 3369 484 3438 poenarum
510 3350 695 3418 crucientur
709 3349 730 3415 ¹.
748 3385 789 3398 -
807 3341 969 3417 Laudatur
993 3349 1088 3417 etiam

199 3492 208 3524 ¹
229 3492 532 3550 accommodarem.
552 3493 604 3548 Sed
632 3502 724 3548 auctor
750 3491 879 3547 meritam
907 3495 986 3547 ettam
1014 3494 1089 3559 largo

126 3598 205 3639 sensu
225 3585 313 3638 sumit.
578 3581 661 3638 ¹Cir.
680 3583 799 3650 Gregor,
821 3582 864 3636 tv.
883 3582 984 3650 Dtaicg.
1003 3597 1026 3637 c.
1045 3581 1088 3636 tt.
