<?xml version="1.0" encoding="UTF-8"?>
<!DOCTYPE html PUBLIC "-//W3C//DTD XHTML 1.0 Transitional//EN"
    "http://www.w3.org/TR/xhtml1/DTD/xhtml1-transitional.dtd">
<html xmlns="http://www.w3.org/1999/xhtml" xml:lang="en" lang="en">
 <head>
  <title>
</title>
<meta http-equiv="Content-Type" content="text/html;charset=utf-8" />
  <meta name='ocr-system' content='tesseract 3.04.00' />
  <meta name='ocr-capabilities' content='ocr_page ocr_carea ocr_par ocr_line ocrx_word'/>
</head>
<body>
  <div class='ocr_page' id='page_1' title='image "./deexterioriseti00davigoog_0408.png"; bbox 0 0 2742 4320; ppageno 0'>
   <div class='ocr_carea' id='block_1_1' title="bbox 305 228 1096 298">
    <p class='ocr_par' dir='ltr' id='par_1_1' title="bbox 305 228 1096 298">
     <span class='ocr_line' id='line_1_1' title="bbox 305 228 1096 298; baseline 0.004 -4"><span class='ocrx_word' id='word_1_1' title='bbox 305 249 346 295; x_wconf 87' lang='lat' dir='ltr'><strong>nn</strong></span> <span class='ocrx_word' id='word_1_2' title='bbox 368 249 412 296; x_wconf 85' lang='lat' dir='ltr'><strong>vu</strong></span> <span class='ocrx_word' id='word_1_3' title='bbox 434 247 648 296; x_wconf 84' lang='lat' dir='ltr'><strong>rnocnssmus.</strong></span> <span class='ocrx_word' id='word_1_4' title='bbox 672 247 844 296; x_wconf 85' lang='lat' dir='ltr'><strong>rnocnssus</strong></span> <span class='ocrx_word' id='word_1_5' title='bbox 867 249 919 295; x_wconf 90' lang='lat' dir='ltr'><strong>vn.</strong></span> <span class='ocrx_word' id='word_1_6' title='bbox 1032 228 1096 298; x_wconf 82' lang='lat'><strong>363</strong></span> 
     </span>
    </p>
   </div>
   <div class='ocr_carea' id='block_1_2' title="bbox 131 353 1099 1703">
    <p class='ocr_par' dir='ltr' id='par_1_2' title="bbox 131 353 1099 1703">
     <span class='ocr_line' id='line_1_2' title="bbox 135 353 1096 441; baseline -0.001 -18"><span class='ocrx_word' id='word_1_7' title='bbox 135 363 254 436; x_wconf 89' lang='lat' dir='ltr'><strong>certus,</strong></span> <span class='ocrx_word' id='word_1_8' title='bbox 278 355 354 441; x_wconf 88' lang='lat' dir='ltr'><strong>quia</strong></span> <span class='ocrx_word' id='word_1_9' title='bbox 379 355 488 434; x_wconf 89' lang='lat' dir='ltr'><strong>nescit,</strong></span> <span class='ocrx_word' id='word_1_10' title='bbox 511 373 551 420; x_wconf 91' lang='lat' dir='ltr'><strong>an</strong></span> <span class='ocrx_word' id='word_1_11' title='bbox 582 354 641 420; x_wconf 92' lang='lat' dir='ltr'><strong>hoc</strong></span> <span class='ocrx_word' id='word_1_12' title='bbox 676 353 717 420; x_wconf 89' lang='lat' dir='ltr'><strong>sit</strong></span> <span class='ocrx_word' id='word_1_13' title='bbox 739 354 881 421; x_wconf 88' lang='lat' dir='ltr'><strong>delectus</strong></span> <span class='ocrx_word' id='word_1_14' title='bbox 910 353 1096 435; x_wconf 88' lang='lat' dir='ltr'><strong>devotionis,</strong></span> 
     </span>
     <span class='ocr_line' id='line_1_3' title="bbox 133 460 1098 548; baseline -0.002 -18"><span class='ocrx_word' id='word_1_15' title='bbox 133 462 185 530; x_wconf 86' lang='lat' dir='ltr'><strong>rel</strong></span> <span class='ocrx_word' id='word_1_16' title='bbox 210 463 362 529; x_wconf 92' lang='lat' dir='ltr'><strong>indicium</strong></span> <span class='ocrx_word' id='word_1_17' title='bbox 388 469 519 548; x_wconf 81' lang='lat' dir='ltr'>negatae</span> <span class='ocrx_word' id='word_1_18' title='bbox 552 460 720 547; x_wconf 79' lang='lat' dir='ltr'><strong>petitionis,</strong></span> <span class='ocrx_word' id='word_1_19' title='bbox 753 460 814 528; x_wconf 87' lang='lat' dir='ltr'><strong>Hoc</strong></span> <span class='ocrx_word' id='word_1_20' title='bbox 849 469 955 527; x_wconf 83' lang='lat' dir='ltr'><strong>tannen</strong></span> <span class='ocrx_word' id='word_1_21' title='bbox 981 462 1098 528; x_wconf 83' lang='lat' dir='ltr'><strong>revela·</strong></span> 
     </span>
     <span class='ocr_line' id='line_1_4' title="bbox 133 566 1099 653; baseline -0.002 -18"><span class='ocrx_word' id='word_1_22' title='bbox 133 568 229 635; x_wconf 91' lang='lat' dir='ltr'><strong>tionis</strong></span> <span class='ocrx_word' id='word_1_23' title='bbox 253 585 354 653; x_wconf 84' lang='lat' dir='ltr'><strong>genus</strong></span> <span class='ocrx_word' id='word_1_24' title='bbox 378 576 426 635; x_wconf 87' lang='lat' dir='ltr'><strong>est</strong></span> <span class='ocrx_word' id='word_1_25' title='bbox 460 566 640 653; x_wconf 88' lang='lat' dir='ltr'><strong>specialiter</strong></span> <span class='ocrx_word' id='word_1_26' title='bbox 665 567 787 634; x_wconf 88' lang='lat' dir='ltr'><strong>devotis</strong></span> <span class='ocrx_word' id='word_1_27' title='bbox 817 566 977 634; x_wconf 87' lang='lat' dir='ltr'><strong>mentibus</strong></span> <span class='ocrx_word' id='word_1_28' title='bbox 1011 567 1099 634; x_wconf 90' lang='lat' dir='ltr'><strong>lami·</strong></span> 
     </span>
     <span class='ocr_line' id='line_1_5' title="bbox 133 673 1096 761; baseline 0 -19"><span class='ocrx_word' id='word_1_29' title='bbox 133 675 224 742; x_wconf 88' lang='lat' dir='ltr'><strong>liare.</strong></span> <span class='ocrx_word' id='word_1_30' title='bbox 249 675 282 740; x_wconf 94' lang='lat' dir='ltr'><strong>ln</strong></span> <span class='ocrx_word' id='word_1_31' title='bbox 308 676 367 741; x_wconf 91' lang='lat' dir='ltr'><strong>hoc</strong></span> <span class='ocrx_word' id='word_1_32' title='bbox 392 682 495 742; x_wconf 89' lang='lat' dir='ltr'><strong>tamen</strong></span> <span class='ocrx_word' id='word_1_33' title='bbox 520 673 693 760; x_wconf 85' lang='lat' dir='ltr'><strong>aliquando</strong></span> <span class='ocrx_word' id='word_1_34' title='bbox 716 673 847 761; x_wconf 88' lang='lat' dir='ltr'><strong>qnidam</strong></span> <span class='ocrx_word' id='word_1_35' title='bbox 883 674 989 742; x_wconf 87' lang='lat' dir='ltr'><strong>devoti</strong></span> <span class='ocrx_word' id='word_1_36' title='bbox 1015 675 1096 742; x_wconf 85' lang='lat' dir='ltr'><strong>inve·</strong></span> 
     </span>
     <span class='ocr_line' id='line_1_6' title="bbox 132 781 1098 868; baseline -0.001 -19"><span class='ocrx_word' id='word_1_37' title='bbox 132 782 268 850; x_wconf 91' lang='lat' dir='ltr'><strong>niuntur</strong></span> <span class='ocrx_word' id='word_1_38' title='bbox 294 782 428 867; x_wconf 89' lang='lat' dir='ltr'><strong>decepti,</strong></span> <span class='ocrx_word' id='word_1_39' title='bbox 451 782 534 848; x_wconf 90' lang='lat' dir='ltr'><strong>sicot</strong></span> <span class='ocrx_word' id='word_1_40' title='bbox 556 790 588 847; x_wconf 86' lang='lat' dir='ltr'><strong>et</strong></span> <span class='ocrx_word' id='word_1_41' title='bbox 611 781 644 847; x_wconf 93' lang='lat' dir='ltr'><strong>in</strong></span> <span class='ocrx_word' id='word_1_42' title='bbox 668 781 792 848; x_wconf 86' lang='lat' dir='ltr'><strong>interna</strong></span> <span class='ocrx_word' id='word_1_43' title='bbox 821 782 1036 868; x_wconf 82' lang='lat' dir='ltr'><strong>inspiratione.</strong></span> <span class='ocrx_word' id='word_1_44' title='bbox 1063 782 1098 849; x_wconf 87' lang='lat' dir='ltr'><strong>Et</strong></span> 
     </span>
     <span class='ocr_line' id='line_1_7' title="bbox 133 886 1096 973; baseline -0.001 -17"><span class='ocrx_word' id='word_1_45' title='bbox 133 889 195 956; x_wconf 91' lang='lat' dir='ltr'><strong>hoc</strong></span> <span class='ocrx_word' id='word_1_46' title='bbox 219 888 325 954; x_wconf 84' lang='lat' dir='ltr'><strong>taliter</strong></span> <span class='ocrx_word' id='word_1_47' title='bbox 349 887 417 954; x_wconf 86' lang='lat' dir='ltr'><strong>fieri</strong></span> <span class='ocrx_word' id='word_1_48' title='bbox 441 903 533 973; x_wconf 85' lang='lat' dir='ltr'><strong>posse</strong></span> <span class='ocrx_word' id='word_1_49' title='bbox 568 886 707 954; x_wconf 87' lang='lat' dir='ltr'><strong>videtur.</strong></span> <span class='ocrx_word' id='word_1_50' title='bbox 732 887 811 954; x_wconf 84' lang='lat' dir='ltr'><strong>Cum</strong></span> <span class='ocrx_word' id='word_1_51' title='bbox 836 887 932 954; x_wconf 93' lang='lat' dir='ltr'><strong>homo</strong></span> <span class='ocrx_word' id='word_1_52' title='bbox 960 887 1096 955; x_wconf 87' lang='lat' dir='ltr'><strong>devotus</strong></span> 
     </span>
     <span class='ocr_line' id='line_1_8' title="bbox 131 993 1097 1082; baseline -0.002 -20"><span class='ocrx_word' id='word_1_53' title='bbox 131 996 199 1062; x_wconf 92' lang='lat' dir='ltr'><strong>Deo</strong></span> <span class='ocrx_word' id='word_1_54' title='bbox 223 994 395 1082; x_wconf 86' lang='lat' dir='ltr'><strong>aliquando</strong></span> <span class='ocrx_word' id='word_1_55' title='bbox 419 993 553 1061; x_wconf 85' lang='lat' dir='ltr'><strong>intendit</strong></span> <span class='ocrx_word' id='word_1_56' title='bbox 577 1001 608 1061; x_wconf 86' lang='lat' dir='ltr'><strong>et</strong></span> <span class='ocrx_word' id='word_1_57' title='bbox 632 1012 689 1080; x_wconf 91' lang='lat' dir='ltr'><strong>per</strong></span> <span class='ocrx_word' id='word_1_58' title='bbox 713 1011 846 1079; x_wconf 85' lang='lat' dir='ltr'><strong>magnae</strong></span> <span class='ocrx_word' id='word_1_59' title='bbox 863 994 1040 1062; x_wconf 83' lang='lat' dir='ltr'><strong>deuotionis</strong></span> <span class='ocrx_word' id='word_1_60' title='bbox 1055 993 1097 1060; x_wconf 87' lang='lat' dir='ltr'><strong>al·</strong></span> 
     </span>
     <span class='ocr_line' id='line_1_9' title="bbox 132 1100 1097 1187; baseline -0.002 -17"><span class='ocrx_word' id='word_1_61' title='bbox 132 1102 251 1170; x_wconf 89' lang='lat' dir='ltr'><strong>lectum</strong></span> <span class='ocrx_word' id='word_1_62' title='bbox 277 1100 417 1181; x_wconf 89' lang='lat' dir='ltr'><strong>conlidit,</strong></span> <span class='ocrx_word' id='word_1_63' title='bbox 441 1100 543 1168; x_wconf 86' lang='lat' dir='ltr'><strong>Deum</strong></span> <span class='ocrx_word' id='word_1_64' title='bbox 568 1101 626 1168; x_wconf 89' lang='lat' dir='ltr'><strong>sihi</strong></span> <span class='ocrx_word' id='word_1_65' title='bbox 659 1119 729 1168; x_wconf 87' lang='lat' dir='ltr'><strong>esse</strong></span> <span class='ocrx_word' id='word_1_66' title='bbox 759 1100 986 1181; x_wconf 82' lang='lat' dir='ltr'><strong>favorabilem3</strong></span> <span class='ocrx_word' id='word_1_67' title='bbox 1009 1108 1097 1187; x_wconf 88' lang='lat' dir='ltr'><strong>optat</strong></span> 
     </span>
     <span class='ocr_line' id='line_1_10' title="bbox 132 1207 1095 1294; baseline -0.001 -17"><span class='ocrx_word' id='word_1_68' title='bbox 132 1209 184 1277; x_wconf 87' lang='lat' dir='ltr'><strong>vel</strong></span> <span class='ocrx_word' id='word_1_69' title='bbox 210 1217 281 1276; x_wconf 87' lang='lat' dir='ltr'><strong>orat</strong></span> <span class='ocrx_word' id='word_1_70' title='bbox 304 1209 362 1276; x_wconf 92' lang='lat' dir='ltr'><strong>sihi</strong></span> <span class='ocrx_word' id='word_1_71' title='bbox 389 1208 438 1275; x_wconf 90' lang='lat' dir='ltr'><strong>vel</strong></span> <span class='ocrx_word' id='word_1_72' title='bbox 474 1208 565 1275; x_wconf 89' lang='lat' dir='ltr'><strong>alteri</strong></span> <span class='ocrx_word' id='word_1_73' title='bbox 601 1207 681 1275; x_wconf 90' lang='lat' dir='ltr'><strong>illud</strong></span> <span class='ocrx_word' id='word_1_74' title='bbox 710 1216 767 1275; x_wconf 90' lang='lat' dir='ltr'><strong>ant</strong></span> <span class='ocrx_word' id='word_1_75' title='bbox 793 1208 884 1288; x_wconf 90' lang='lat' dir='ltr'><strong>illud,</strong></span> <span class='ocrx_word' id='word_1_76' title='bbox 908 1207 995 1294; x_wconf 87' lang='lat' dir='ltr'><strong>quod</strong></span> <span class='ocrx_word' id='word_1_77' title='bbox 1019 1217 1095 1276; x_wconf 89' lang='lat' dir='ltr'><strong>tuno</strong></span> 
     </span>
     <span class='ocr_line' id='line_1_11' title="bbox 135 1315 1097 1406; baseline -0.002 -22"><span class='ocrx_word' id='word_1_78' title='bbox 135 1315 298 1384; x_wconf 86' lang='lat' dir='ltr'><strong>desiderat</strong></span> <span class='ocrx_word' id='word_1_79' title='bbox 320 1315 458 1395; x_wconf 85' lang='lat' dir='ltr'><strong>evenire,</strong></span> <span class='ocrx_word' id='word_1_80' title='bbox 482 1323 610 1382; x_wconf 90' lang='lat' dir='ltr'><strong>etcum</strong></span> <span class='ocrx_word' id='word_1_81' title='bbox 637 1316 698 1382; x_wconf 86' lang='lat' dir='ltr'><strong>iam</strong></span> <span class='ocrx_word' id='word_1_82' title='bbox 731 1315 827 1383; x_wconf 87' lang='lat' dir='ltr'><strong>luerit</strong></span> <span class='ocrx_word' id='word_1_83' title='bbox 851 1315 882 1382; x_wconf 94' lang='lat' dir='ltr'><strong>in</strong></span> <span class='ocrx_word' id='word_1_84' title='bbox 906 1315 1021 1406; x_wconf 80' lang='lat' dir='ltr'><strong>affectu</strong></span> <span class='ocrx_word' id='word_1_85' title='bbox 1046 1315 1097 1389; x_wconf 86' lang='lat' dir='ltr'><strong>de-</strong></span> 
     </span>
     <span class='ocr_line' id='line_1_12' title="bbox 131 1421 1095 1508; baseline 0.001 -21"><span class='ocrx_word' id='word_1_86' title='bbox 131 1421 269 1489; x_wconf 87' lang='lat' dir='ltr'><strong>votionis</strong></span> <span class='ocrx_word' id='word_1_87' title='bbox 292 1430 324 1489; x_wconf 87' lang='lat' dir='ltr'><strong>et</strong></span> <span class='ocrx_word' id='word_1_88' title='bbox 347 1421 465 1489; x_wconf 87' lang='lat' dir='ltr'><strong>fiducia</strong></span> <span class='ocrx_word' id='word_1_89' title='bbox 499 1421 626 1489; x_wconf 88' lang='lat' dir='ltr'><strong>divinae</strong></span> <span class='ocrx_word' id='word_1_90' title='bbox 650 1421 893 1508; x_wconf 72' lang='lat' dir='ltr'><strong>propitiatione,</strong></span> <span class='ocrx_word' id='word_1_91' title='bbox 924 1429 1095 1508; x_wconf 85' lang='lat' dir='ltr'><strong>antequam</strong></span> 
     </span>
     <span class='ocr_line' id='line_1_13' title="bbox 131 1527 1097 1614; baseline -0.002 -19"><span class='ocrx_word' id='word_1_92' title='bbox 131 1529 220 1596; x_wconf 90' lang='lat' dir='ltr'><strong>istud</strong></span> <span class='ocrx_word' id='word_1_93' title='bbox 245 1536 379 1614; x_wconf 88' lang='lat' dir='ltr'><strong>optaret,</strong></span> <span class='ocrx_word' id='word_1_94' title='bbox 403 1527 573 1596; x_wconf 86' lang='lat' dir='ltr'><strong>accedente</strong></span> <span class='ocrx_word' id='word_1_95' title='bbox 598 1529 692 1614; x_wconf 93' lang='lat' dir='ltr'><strong>modo</strong></span> <span class='ocrx_word' id='word_1_96' title='bbox 716 1537 843 1614; x_wconf 84' lang='lat' dir='ltr'><strong>optatae</strong></span> <span class='ocrx_word' id='word_1_97' title='bbox 861 1529 905 1596; x_wconf 88' lang='lat' dir='ltr'><strong>rei</strong></span> <span class='ocrx_word' id='word_1_98' title='bbox 927 1528 1097 1609; x_wconf 88' lang='lat' dir='ltr'><strong>desiderio,</strong></span> 
     </span>
     <span class='ocr_line' id='line_1_14' title="bbox 132 1633 1096 1703; baseline 0 -1"><span class='ocrx_word' id='word_1_99' title='bbox 132 1633 170 1702; x_wconf 86' lang='lat' dir='ltr'><strong>fit</strong></span> <span class='ocrx_word' id='word_1_100' title='bbox 195 1633 327 1702; x_wconf 78' lang='lat' dir='ltr'><strong>allectus</strong></span> <span class='ocrx_word' id='word_1_101' title='bbox 351 1633 524 1702; x_wconf 78' lang='lat' dir='ltr'><strong>ferventior</strong></span> <span class='ocrx_word' id='word_1_102' title='bbox 540 1642 570 1702; x_wconf 89' lang='lat' dir='ltr'><strong>et</strong></span> <span class='ocrx_word' id='word_1_103' title='bbox 587 1634 705 1702; x_wconf 84' lang='lat' dir='ltr'><strong>fiducia</strong></span> <span class='ocrx_word' id='word_1_104' title='bbox 720 1635 761 1703; x_wconf 88' lang='lat' dir='ltr'><strong>ad</strong></span> <span class='ocrx_word' id='word_1_105' title='bbox 786 1635 887 1702; x_wconf 85' lang='lat' dir='ltr'><strong>Deum</strong></span> <span class='ocrx_word' id='word_1_106' title='bbox 912 1653 953 1702; x_wconf 83' lang='lat' dir='ltr'><strong>er</strong></span> <span class='ocrx_word' id='word_1_107' title='bbox 970 1634 1096 1702; x_wconf 83' lang='lat' dir='ltr'><strong>serrone</strong></span> 
     </span>
    </p>
   </div>
   <div class='ocr_carea' id='block_1_3' title="bbox 131 1741 1096 2148">
    <p class='ocr_par' dir='ltr' id='par_1_3' title="bbox 131 1741 1096 2148">
     <span class='ocr_line' id='line_1_15' title="bbox 132 1741 1096 1828; baseline -0.004 -17"><span class='ocrx_word' id='word_1_108' title='bbox 132 1743 344 1822; x_wconf 84' lang='lat' dir='ltr'><strong>constantior3</strong></span> <span class='ocrx_word' id='word_1_109' title='bbox 368 1749 400 1808; x_wconf 88' lang='lat' dir='ltr'><strong>et</strong></span> <span class='ocrx_word' id='word_1_110' title='bbox 430 1741 506 1826; x_wconf 86' lang='lat' dir='ltr'><strong>qnia</strong></span> <span class='ocrx_word' id='word_1_111' title='bbox 542 1743 728 1828; x_wconf 89' lang='lat' dir='ltr'><strong>praesumit,</strong></span> <span class='ocrx_word' id='word_1_112' title='bbox 763 1741 916 1828; x_wconf 85' lang='lat' dir='ltr'><strong>Spiritum</strong></span> <span class='ocrx_word' id='word_1_113' title='bbox 949 1749 1096 1808; x_wconf 87' lang='lat' dir='ltr'><strong>sanctum</strong></span> 
     </span>
     <span class='ocr_line' id='line_1_16' title="bbox 132 1847 1095 1933; baseline -0.002 -18"><span class='ocrx_word' id='word_1_114' title='bbox 132 1847 217 1915; x_wconf 90' lang='lat' dir='ltr'><strong>hanc</strong></span> <span class='ocrx_word' id='word_1_115' title='bbox 240 1847 438 1915; x_wconf 86' lang='lat' dir='ltr'><strong>devotionem</strong></span> <span class='ocrx_word' id='word_1_116' title='bbox 463 1848 601 1933; x_wconf 89' lang='lat' dir='ltr'><strong>operari,</strong></span> <span class='ocrx_word' id='word_1_117' title='bbox 618 1865 689 1914; x_wconf 92' lang='lat' dir='ltr'><strong>cum</strong></span> <span class='ocrx_word' id='word_1_118' title='bbox 708 1847 840 1933; x_wconf 88' lang='lat' dir='ltr'><strong>spiritns</strong></span> <span class='ocrx_word' id='word_1_119' title='bbox 858 1847 1017 1933; x_wconf 82' lang='lat' dir='ltr'><strong>malignus</strong></span> <span class='ocrx_word' id='word_1_120' title='bbox 1034 1865 1095 1914; x_wconf 86' lang='lat' dir='ltr'><strong>non</strong></span> 
     </span>
     <span class='ocr_line' id='line_1_17' title="bbox 131 1953 1094 2042; baseline -0.002 -20"><span class='ocrx_word' id='word_1_121' title='bbox 131 1955 232 2042; x_wconf 91' lang='lat' dir='ltr'><strong>possit</strong></span> <span class='ocrx_word' id='word_1_122' title='bbox 255 1954 402 2022; x_wconf 84' lang='lat' dir='ltr'><strong>allectum</strong></span> <span class='ocrx_word' id='word_1_123' title='bbox 428 1954 605 2038; x_wconf 88' lang='lat' dir='ltr'><strong>devotionis</strong></span> <span class='ocrx_word' id='word_1_124' title='bbox 622 1953 800 2034; x_wconf 78' lang='lat' dir='ltr'><strong>infundere,</strong></span> <span class='ocrx_word' id='word_1_125' title='bbox 816 1971 912 2041; x_wconf 85' lang='lat' dir='ltr'><strong>quem</strong></span> <span class='ocrx_word' id='word_1_126' title='bbox 930 1971 1094 2041; x_wconf 86' lang='lat' dir='ltr'><strong>nunqnam</strong></span> 
     </span>
     <span class='ocr_line' id='line_1_18' title="bbox 134 2056 1095 2148; baseline 0.001 -21"><span class='ocrx_word' id='word_1_127' title='bbox 134 2056 249 2140; x_wconf 81' lang='lat' dir='ltr'><strong>hahet3</strong></span> <span class='ocrx_word' id='word_1_128' title='bbox 273 2059 413 2140; x_wconf 90' lang='lat' dir='ltr'><strong>conlidit,</strong></span> <span class='ocrx_word' id='word_1_129' title='bbox 437 2078 471 2127; x_wconf 87' lang='lat' dir='ltr'><strong>se</strong></span> <span class='ocrx_word' id='word_1_130' title='bbox 505 2078 568 2126; x_wconf 93' lang='lat' dir='ltr'><strong>non</strong></span> <span class='ocrx_word' id='word_1_131' title='bbox 600 2060 701 2146; x_wconf 84' lang='lat' dir='ltr'><strong>decipi</strong></span> <span class='ocrx_word' id='word_1_132' title='bbox 738 2068 770 2128; x_wconf 87' lang='lat' dir='ltr'><strong>et</strong></span> <span class='ocrx_word' id='word_1_133' title='bbox 800 2061 830 2128; x_wconf 95' lang='lat' dir='ltr'><strong>in</strong></span> <span class='ocrx_word' id='word_1_134' title='bbox 862 2069 1015 2148; x_wconf 86' lang='lat' dir='ltr'><strong>concepta</strong></span> <span class='ocrx_word' id='word_1_135' title='bbox 1039 2079 1095 2147; x_wconf 88' lang='lat' dir='ltr'><strong>spe</strong></span> 
     </span>
    </p>
   </div>
   <div class='ocr_carea' id='block_1_4' title="bbox 131 2166 1098 3640">
    <p class='ocr_par' dir='ltr' id='par_1_4' title="bbox 131 2166 1098 3640">
     <span class='ocr_line' id='line_1_19' title="bbox 136 2166 1098 2254; baseline 0 -20"><span class='ocrx_word' id='word_1_136' title='bbox 136 2166 286 2234; x_wconf 89' lang='lat' dir='ltr'><strong>desiderii</strong></span> <span class='ocrx_word' id='word_1_137' title='bbox 312 2167 360 2234; x_wconf 91' lang='lat' dir='ltr'><strong>sui</strong></span> <span class='ocrx_word' id='word_1_138' title='bbox 394 2185 455 2233; x_wconf 94' lang='lat' dir='ltr'><strong>non</strong></span> <span class='ocrx_word' id='word_1_139' title='bbox 485 2166 646 2246; x_wconf 87' lang='lat' dir='ltr'><strong>conlundi,</strong></span> <span class='ocrx_word' id='word_1_140' title='bbox 671 2186 766 2254; x_wconf 86' lang='lat' dir='ltr'><strong>quam</strong></span> <span class='ocrx_word' id='word_1_141' title='bbox 803 2169 1019 2236; x_wconf 88' lang='lat' dir='ltr'><strong>testimonium</strong></span> <span class='ocrx_word' id='word_1_142' title='bbox 1044 2168 1098 2234; x_wconf 91' lang='lat' dir='ltr'><strong>ad-</strong></span> 
     </span>
     <span class='ocr_line' id='line_1_20' title="bbox 132 2273 1095 2359; baseline -0.001 -19"><span class='ocrx_word' id='word_1_143' title='bbox 132 2281 246 2340; x_wconf 90' lang='lat' dir='ltr'><strong>auctae</strong></span> <span class='ocrx_word' id='word_1_144' title='bbox 269 2290 327 2359; x_wconf 87' lang='lat' dir='ltr'><strong>per</strong></span> <span class='ocrx_word' id='word_1_145' title='bbox 350 2273 502 2358; x_wconf 88' lang='lat' dir='ltr'><strong>Spiritum</strong></span> <span class='ocrx_word' id='word_1_146' title='bbox 528 2282 672 2340; x_wconf 90' lang='lat' dir='ltr'><strong>sanctum</strong></span> <span class='ocrx_word' id='word_1_147' title='bbox 704 2273 882 2341; x_wconf 88' lang='lat' dir='ltr'><strong>devotionis</strong></span> <span class='ocrx_word' id='word_1_148' title='bbox 904 2281 936 2342; x_wconf 91' lang='lat' dir='ltr'><strong>et</strong></span> <span class='ocrx_word' id='word_1_149' title='bbox 959 2273 1095 2340; x_wconf 85' lang='lat' dir='ltr'><strong>fiduciae</strong></span> 
     </span>
     <span class='ocr_line' id='line_1_21' title="bbox 132 2377 1096 2467; baseline -0.003 -20"><span class='ocrx_word' id='word_1_150' title='bbox 132 2380 277 2447; x_wconf 89' lang='lat' dir='ltr'><strong>creditur</strong></span> <span class='ocrx_word' id='word_1_151' title='bbox 299 2377 503 2465; x_wconf 86' lang='lat' dir='ltr'><strong>approbasse.</strong></span> <span class='ocrx_word' id='word_1_152' title='bbox 520 2378 579 2446; x_wconf 89' lang='lat' dir='ltr'><strong>Sed</strong></span> <span class='ocrx_word' id='word_1_153' title='bbox 605 2380 636 2445; x_wconf 95' lang='lat' dir='ltr'><strong>in</strong></span> <span class='ocrx_word' id='word_1_154' title='bbox 661 2380 721 2447; x_wconf 90' lang='lat' dir='ltr'><strong>hoc</strong></span> <span class='ocrx_word' id='word_1_155' title='bbox 737 2387 925 2467; x_wconf 90' lang='lat' dir='ltr'><strong>potestesse</strong></span> <span class='ocrx_word' id='word_1_156' title='bbox 942 2379 1096 2466; x_wconf 88' lang='lat' dir='ltr'><strong>deceptio,</strong></span> 
     </span>
     <span class='ocr_line' id='line_1_22' title="bbox 133 2483 1096 2572; baseline -0.002 -20"><span class='ocrx_word' id='word_1_157' title='bbox 133 2483 221 2572; x_wconf 88' lang='lat' dir='ltr'><strong>quod</strong></span> <span class='ocrx_word' id='word_1_158' title='bbox 245 2485 378 2571; x_wconf 89' lang='lat' dir='ltr'><strong>spiritus</strong></span> <span class='ocrx_word' id='word_1_159' title='bbox 402 2483 540 2552; x_wconf 88' lang='lat' dir='ltr'><strong>hominis</strong></span> <span class='ocrx_word' id='word_1_160' title='bbox 573 2503 614 2553; x_wconf 89' lang='lat' dir='ltr'><strong>ex</strong></span> <span class='ocrx_word' id='word_1_161' title='bbox 640 2486 799 2553; x_wconf 89' lang='lat' dir='ltr'><strong>desiderio</strong></span> <span class='ocrx_word' id='word_1_162' title='bbox 822 2486 879 2566; x_wconf 87' lang='lat' dir='ltr'><strong>rei,</strong></span> <span class='ocrx_word' id='word_1_163' title='bbox 903 2503 999 2570; x_wconf 86' lang='lat' dir='ltr'><strong>qoam</strong></span> <span class='ocrx_word' id='word_1_164' title='bbox 1024 2485 1096 2551; x_wconf 93' lang='lat' dir='ltr'><strong>dili-</strong></span> 
     </span>
     <span class='ocr_line' id='line_1_23' title="bbox 132 2592 1095 2678; baseline 0.001 -20"><span class='ocrx_word' id='word_1_165' title='bbox 132 2593 188 2678; x_wconf 79' lang='lat' dir='ltr'><strong>git,</strong></span> <span class='ocrx_word' id='word_1_166' title='bbox 211 2609 285 2659; x_wconf 94' lang='lat' dir='ltr'><strong>cum</strong></span> <span class='ocrx_word' id='word_1_167' title='bbox 321 2592 362 2658; x_wconf 89' lang='lat' dir='ltr'><strong>de</strong></span> <span class='ocrx_word' id='word_1_168' title='bbox 393 2593 447 2658; x_wconf 89' lang='lat' dir='ltr'><strong>illa</strong></span> <span class='ocrx_word' id='word_1_169' title='bbox 481 2592 623 2660; x_wconf 86' lang='lat' dir='ltr'><strong>studiose</strong></span> <span class='ocrx_word' id='word_1_170' title='bbox 646 2594 771 2678; x_wconf 82' lang='lat' dir='ltr'><strong>cogitat,</strong></span> <span class='ocrx_word' id='word_1_171' title='bbox 803 2593 975 2672; x_wconf 79' lang='lat' dir='ltr'><strong>hilarescit,</strong></span> <span class='ocrx_word' id='word_1_172' title='bbox 999 2593 1095 2660; x_wconf 89' lang='lat' dir='ltr'><strong>etiam</strong></span> 
     </span>
     <span class='ocr_line' id='line_1_24' title="bbox 132 2697 1095 2784; baseline 0 -18"><span class='ocrx_word' id='word_1_173' title='bbox 132 2715 206 2766; x_wconf 89' lang='lat' dir='ltr'><strong>cum</strong></span> <span class='ocrx_word' id='word_1_174' title='bbox 240 2697 270 2762; x_wconf 93' lang='lat' dir='ltr'><strong>in</strong></span> <span class='ocrx_word' id='word_1_175' title='bbox 302 2697 391 2764; x_wconf 87' lang='lat' dir='ltr'><strong>nulle</strong></span> <span class='ocrx_word' id='word_1_176' title='bbox 422 2699 513 2784; x_wconf 88' lang='lat' dir='ltr'><strong>prius</strong></span> <span class='ocrx_word' id='word_1_177' title='bbox 548 2707 616 2765; x_wconf 84' lang='lat' dir='ltr'><strong>arat</strong></span> <span class='ocrx_word' id='word_1_178' title='bbox 651 2699 819 2766; x_wconf 85' lang='lat' dir='ltr'><strong>devotione</strong></span> <span class='ocrx_word' id='word_1_179' title='bbox 849 2698 889 2765; x_wconf 91' lang='lat' dir='ltr'><strong>ad</strong></span> <span class='ocrx_word' id='word_1_180' title='bbox 916 2697 1029 2779; x_wconf 85' lang='lat' dir='ltr'><strong>Deum,</strong></span> <span class='ocrx_word' id='word_1_181' title='bbox 1053 2700 1095 2766; x_wconf 90' lang='lat' dir='ltr'><strong>ita</strong></span> 
     </span>
     <span class='ocr_line' id='line_1_25' title="bbox 132 2803 1095 2889; baseline 0.003 -21"><span class='ocrx_word' id='word_1_182' title='bbox 132 2803 217 2889; x_wconf 91' lang='lat' dir='ltr'><strong>quod</strong></span> <span class='ocrx_word' id='word_1_183' title='bbox 243 2803 414 2888; x_wconf 85' lang='lat' dir='ltr'><strong>aliquando</strong></span> <span class='ocrx_word' id='word_1_184' title='bbox 438 2821 514 2888; x_wconf 90' lang='lat' dir='ltr'><strong>prae</strong></span> <span class='ocrx_word' id='word_1_185' title='bbox 530 2804 690 2871; x_wconf 90' lang='lat' dir='ltr'><strong>desiderio</strong></span> <span class='ocrx_word' id='word_1_186' title='bbox 714 2804 800 2870; x_wconf 90' lang='lat' dir='ltr'><strong>illius</strong></span> <span class='ocrx_word' id='word_1_187' title='bbox 825 2805 869 2870; x_wconf 86' lang='lat' dir='ltr'><strong>rei</strong></span> <span class='ocrx_word' id='word_1_188' title='bbox 897 2805 944 2870; x_wconf 88' lang='lat' dir='ltr'><strong>vel</strong></span> <span class='ocrx_word' id='word_1_189' title='bbox 961 2811 1095 2872; x_wconf 85' lang='lat' dir='ltr'><strong>eventus</strong></span> 
     </span>
     <span class='ocr_line' id='line_1_26' title="bbox 131 2909 1094 2997; baseline 0.002 -20"><span class='ocrx_word' id='word_1_190' title='bbox 131 2909 224 2978; x_wconf 86' lang='lat' dir='ltr'><strong>lacile</strong></span> <span class='ocrx_word' id='word_1_191' title='bbox 248 2919 477 2997; x_wconf 88' lang='lat' dir='ltr'><strong>provocaretur</strong></span> <span class='ocrx_word' id='word_1_192' title='bbox 499 2910 539 2977; x_wconf 91' lang='lat' dir='ltr'><strong>ad</strong></span> <span class='ocrx_word' id='word_1_193' title='bbox 567 2910 724 2989; x_wconf 84' lang='lat' dir='ltr'><strong>lacrimas,</strong></span> <span class='ocrx_word' id='word_1_194' title='bbox 749 2912 889 2978; x_wconf 87' lang='lat' dir='ltr'><strong>maxime</strong></span> <span class='ocrx_word' id='word_1_195' title='bbox 913 2912 938 2978; x_wconf 93' lang='lat' dir='ltr'><strong>si</strong></span> <span class='ocrx_word' id='word_1_196' title='bbox 963 2919 1012 2978; x_wconf 91' lang='lat' dir='ltr'><strong>est</strong></span> <span class='ocrx_word' id='word_1_197' title='bbox 1031 2929 1094 2992; x_wconf 88' lang='lat' dir='ltr'><strong>res,</strong></span> 
     </span>
     <span class='ocr_line' id='line_1_27' title="bbox 134 3016 1095 3104; baseline 0.002 -22"><span class='ocrx_word' id='word_1_198' title='bbox 134 3034 217 3103; x_wconf 87' lang='lat' dir='ltr'><strong>qnae</strong></span> <span class='ocrx_word' id='word_1_199' title='bbox 240 3023 361 3103; x_wconf 84' lang='lat' dir='ltr'><strong>spectat</strong></span> <span class='ocrx_word' id='word_1_200' title='bbox 391 3018 432 3084; x_wconf 94' lang='lat' dir='ltr'><strong>ad</strong></span> <span class='ocrx_word' id='word_1_201' title='bbox 468 3016 668 3084; x_wconf 83' lang='lat' dir='ltr'><strong>devotionem</strong></span> <span class='ocrx_word' id='word_1_202' title='bbox 704 3017 983 3104; x_wconf 85' lang='lat' dir='ltr'><strong>qualemcumque.</strong></span> <span class='ocrx_word' id='word_1_203' title='bbox 1008 3018 1095 3084; x_wconf 90' lang='lat' dir='ltr'><strong>Siout</strong></span> 
     </span>
     <span class='ocr_line' id='line_1_28' title="bbox 133 3123 1095 3211; baseline 0.003 -22"><span class='ocrx_word' id='word_1_204' title='bbox 133 3133 229 3209; x_wconf 89' lang='lat' dir='ltr'><strong>saepe</strong></span> <span class='ocrx_word' id='word_1_205' title='bbox 253 3125 359 3203; x_wconf 86' lang='lat' dir='ltr'><strong>etiam,</strong></span> <span class='ocrx_word' id='word_1_206' title='bbox 376 3141 448 3191; x_wconf 91' lang='lat' dir='ltr'><strong>cnm</strong></span> <span class='ocrx_word' id='word_1_207' title='bbox 475 3142 533 3210; x_wconf 89' lang='lat' dir='ltr'><strong>pro</strong></span> <span class='ocrx_word' id='word_1_208' title='bbox 557 3141 637 3189; x_wconf 88' lang='lat' dir='ltr'><strong>vana</strong></span> <span class='ocrx_word' id='word_1_209' title='bbox 654 3123 755 3209; x_wconf 81' lang='lat' dir='ltr'><strong>gloria</strong></span> <span class='ocrx_word' id='word_1_210' title='bbox 770 3124 842 3209; x_wconf 91' lang='lat' dir='ltr'><strong>quis</strong></span> <span class='ocrx_word' id='word_1_211' title='bbox 857 3131 945 3211; x_wconf 89' lang='lat' dir='ltr'><strong>optat</strong></span> <span class='ocrx_word' id='word_1_212' title='bbox 960 3125 1095 3210; x_wconf 81' lang='lat' dir='ltr'><strong>gratiam</strong></span> 
     </span>
     <span class='ocr_line' id='line_1_29' title="bbox 133 3229 1095 3316; baseline 0.003 -20"><span class='ocrx_word' id='word_1_213' title='bbox 133 3229 215 3297; x_wconf 87' lang='lat' dir='ltr'><strong>hene</strong></span> <span class='ocrx_word' id='word_1_214' title='bbox 238 3230 444 3316; x_wconf 86' lang='lat' dir='ltr'><strong>praedicandi</strong></span> <span class='ocrx_word' id='word_1_215' title='bbox 478 3229 527 3296; x_wconf 88' lang='lat' dir='ltr'><strong>vel</strong></span> <span class='ocrx_word' id='word_1_216' title='bbox 560 3231 771 3316; x_wconf 86' lang='lat' dir='ltr'><strong>prophetandi</strong></span> <span class='ocrx_word' id='word_1_217' title='bbox 798 3231 847 3297; x_wconf 89' lang='lat' dir='ltr'><strong>vel</strong></span> <span class='ocrx_word' id='word_1_218' title='bbox 872 3231 1025 3298; x_wconf 88' lang='lat' dir='ltr'><strong>miracula</strong></span> <span class='ocrx_word' id='word_1_219' title='bbox 1049 3231 1095 3299; x_wconf 89' lang='lat' dir='ltr'><strong>la-</strong></span> 
     </span>
     <span class='ocr_line' id='line_1_30' title="bbox 133 3335 1094 3424; baseline 0.001 -21"><span class='ocrx_word' id='word_1_220' title='bbox 133 3335 247 3416; x_wconf 86' lang='lat' dir='ltr'><strong>ciendi,</strong></span> <span class='ocrx_word' id='word_1_221' title='bbox 263 3335 314 3403; x_wconf 88' lang='lat' dir='ltr'><strong>vel</strong></span> <span class='ocrx_word' id='word_1_222' title='bbox 330 3336 429 3417; x_wconf 89' lang='lat' dir='ltr'><strong>aliud,</strong></span> <span class='ocrx_word' id='word_1_223' title='bbox 446 3336 532 3403; x_wconf 89' lang='lat' dir='ltr'><strong>unde</strong></span> <span class='ocrx_word' id='word_1_224' title='bbox 553 3335 764 3404; x_wconf 90' lang='lat' dir='ltr'><strong>admirandus</strong></span> <span class='ocrx_word' id='word_1_225' title='bbox 779 3337 955 3418; x_wconf 86' lang='lat' dir='ltr'><strong>videretur,</strong></span> <span class='ocrx_word' id='word_1_226' title='bbox 970 3338 1094 3424; x_wconf 84' lang='lat' dir='ltr'><strong>agendi,</strong></span> 
     </span>
     <span class='ocr_line' id='line_1_31' title="bbox 133 3441 1095 3530; baseline 0.003 -19"><span class='ocrx_word' id='word_1_227' title='bbox 133 3460 187 3511; x_wconf 88' lang='lat' dir='ltr'><strong>cor</strong></span> <span class='ocrx_word' id='word_1_228' title='bbox 223 3443 372 3511; x_wconf 89' lang='lat' dir='ltr'><strong>delusum</strong></span> <span class='ocrx_word' id='word_1_229' title='bbox 394 3441 592 3511; x_wconf 74' lang='lat' dir='ltr'><strong>&#39;huiusmodi</strong></span> <span class='ocrx_word' id='word_1_230' title='bbox 626 3444 902 3530; x_wconf 86' lang='lat' dir='ltr'><strong>phantasmatibus</strong></span> <span class='ocrx_word' id='word_1_231' title='bbox 933 3443 1095 3514; x_wconf 88' lang='lat' dir='ltr'><strong>hilarescit</strong></span> 
     </span>
     <span class='ocr_line' id='line_1_32' title="bbox 132 3549 1093 3640; baseline 0.004 -24"><span class='ocrx_word' id='word_1_232' title='bbox 132 3553 164 3617; x_wconf 87' lang='lat' dir='ltr'><strong>et</strong></span> <span class='ocrx_word' id='word_1_233' title='bbox 187 3549 220 3617; x_wconf 95' lang='lat' dir='ltr'><strong>in</strong></span> <span class='ocrx_word' id='word_1_234' title='bbox 255 3567 370 3618; x_wconf 83' lang='lat' dir='ltr'><strong>uanam</strong></span> <span class='ocrx_word' id='word_1_235' title='bbox 405 3550 601 3619; x_wconf 81' lang='lat' dir='ltr'><strong>allectionem</strong></span> <span class='ocrx_word' id='word_1_236' title='bbox 634 3550 812 3638; x_wconf 79' lang='lat' dir='ltr'><strong>pinguescit</strong></span> <span class='ocrx_word' id='word_1_237' title='bbox 820 3577 829 3632; x_wconf 93' lang='lat'>;</span> <span class='ocrx_word' id='word_1_238' title='bbox 862 3560 982 3638; x_wconf 85' lang='lat' dir='ltr'><strong>quanto</strong></span> <span class='ocrx_word' id='word_1_239' title='bbox 1016 3570 1093 3640; x_wconf 83' lang='lat' dir='ltr'><strong>crgo</strong></span> 
     </span>
    </p>
   </div>
   <div class='ocr_carea' id='block_1_5' title="bbox 0 0 1376 4320">
    <p class='ocr_par' dir='ltr' id='par_1_5' title="bbox 0 0 1376 4320">
     <span class='ocr_line' id='line_1_33' title="bbox 0 0 1376 4320; baseline 0 0"><span class='ocrx_word' id='word_1_240' title='bbox 0 0 1376 4320; x_wconf 95' lang='lat' dir='ltr'><strong> </strong></span> 
     </span>
    </p>
   </div>
  </div>
 </body>
</html>
