2808 4318
336 253 376 302 nc
399 254 443 302 vu
465 253 677 304 rnocnssrnus.
702 253 876 305 concessus
898 255 928 302 v.
1052 239 1113 304 tet

153 363 287 443 exitum,
311 379 369 449 per
393 379 488 448 quern
521 359 641 442 effluat,
672 362 785 429 crescit
818 359 849 428 in
873 360 993 441 altum;
1029 361 1115 440 item,

153 468 238 555 quod
264 467 407 554 loquitur
430 467 517 554 apud
541 467 687 536 bomines
703 468 804 553 magis
827 467 965 536 habetur
980 467 1115 535 authen·

153 575 263 656 ticum,
286 592 360 642 cum
385 575 496 655 sciant,
512 592 588 642 eum
603 591 677 641 corn
696 573 878 642 maturitate
895 573 982 660 loqui
1005 583 1036 642 et
1052 591 1114 641 non

153 681 267 749 leviter
291 681 456 750 effundere
480 681 578 748 verba
609 699 685 761 sua;
710 681 796 761 item,
828 679 1025 768 singularem
1048 679 1115 767 glo·

152 788 234 854 riam
258 794 402 855 meretur
425 788 456 853 in
480 785 579 854 caelo.

487 999 671 1068 Carnutuu
694 999 795 1067 XVlll.

198 1213 331 1282 Morum
355 1213 536 1300 dtbcipliun
559 1211 595 1280 tit
619 1211 795 1300 Relipiost'e
818 1211 945 1300 triplici
963 1212 1070 1280 colore

540 1319 732 1386 decoratur.

245 1537 274 1600 l.
300 1535 422 1600 Morum
448 1534 616 1620 disciplina
639 1533 671 1600 in
696 1533 860 1620 Religiosis
876 1532 991 1619 triplici
1008 1531 1114 1600 colore

125 1649 127 1654 '
150 1642 340 1709 decorator:
366 1641 391 1708 si
416 1640 479 1707 sint
500 1640 642 1720 moturi,
667 1637 807 1706 humiles
830 1644 863 1707 et
878 1637 1030 1726 beuipni;
1044 1657 1114 1706 mc·

152 1747 236 1827 turi,
260 1755 297 1815 ut
319 1764 381 1814 non
405 1747 468 1814 sint
491 1746 578 1814 leves
601 1746 772 1826 currendo,
795 1763 854 1813 nec
889 1746 979 1832 proni
1011 1744 1051 1812 ad
1077 1744 1115 1810 ri·

150 1873 237 1935 sum,
262 1853 312 1922 vel
335 1853 464 1932 curiosi,
487 1853 536 1921 vel
562 1853 699 1932 verbosi,
715 1870 773 1921 nec
790 1852 991 1921 ioculatorea
1015 1852 1114 1918 llatu·

149 1963 231 2029 ritas
255 1968 288 2028 et
322 1961 408 2028 intus
440 1969 578 2028 mentem
610 1961 772 2046 componit
801 1968 834 2027 et
864 1967 965 2027 totum
997 1975 1115 2045 corpus

150 2067 298 2135 exterius
321 2068 362 2135 ab
386 2067 553 2135 insolentia
575 2067 731 2146 custodit3
766 2074 862 2154 caput
893 2066 983 2154 regit,
1007 2083 1046 2133 ne
1071 2066 1114 2133 le-

150 2175 235 2242 viter
259 2175 333 2242 binc
356 2175 430 2242 inde
454 2175 710 2255 circumferatur,
733 2173 853 2255 oculos,
869 2192 909 2241 ne
928 2183 1114 2259 evagentur,

149 2297 259 2358 aures,
282 2296 322 2346 ne
345 2279 471 2348 curiose
495 2279 676 2348 auscultent
691 2297 774 2366 quae
791 2280 898 2346 minus
919 2279 1114 2366 expediunt3
1211 2301 1213 2306 ’

152 2385 296 2472 linguam
321 2385 461 2454 relrenat
487 2387 529 2454 ab
559 2387 668 2454 otiosis
698 2395 730 2454 et
761 2385 967 2454 infructuosis
997 2385 1114 2467 verbis,

152 2509 269 2560 manus
291 2492 333 2560 ab
357 2493 524 2561 inutilibus
547 2492 819 2579 occupationibus,
854 2493 952 2579 pedes
982 2493 1115 2560 avenis

149 2598 465 2668 deambulationibus
486 2607 519 2668 et
540 2600 759 2668 indecentibus
775 2599 1068 2680 divaricationibus‚
1084 2606 1116 2667 et

149 2715 253 2776 toturn
278 2725 396 2794 corpus
419 2707 460 2774 ab
484 2707 624 2794 inquieto
649 2716 738 2776 motu
761 2707 898 2788 cohibet,
914 2708 973 2775 nisi
1002 2724 1115 2775 secun-

150 2813 231 2881 durn
257 2814 343 2900 quod
369 2809 449 2881 ratio
472 2814 627 2900 exposcit.
651 2814 739 2882 Unde
762 2814 875 2882 beatus
894 2813 1076 2882 Bernartius
1093 2815 1115 2894 ¹,

149 2920 295 2988 scribens
318 2920 358 2988 de
394 2928 502 2988 sancto
534 2920 687 2988 Malachia
721 2921 880 3007 episcopo,
912 2919 1115 2988 commendat

149 3041 237 3104 eum,
261 3025 348 3111 (luod
373 3025 415 3091 ita
438 3027 632 3112 compositus
657 3026 807 3094 fueritin
843 3026 996 3106 moribus,
1028 3025 1114 3112 quod

148 3145 209 3198 nec
232 3147 364 3197 manum
389 3131 439 3198 vel
463 3132 593 3200 oculum
617 3132 668 3200 vel
692 3133 819 3220 aliquod
853 3133 1034 3200 membrum
1070 3132 1116 3200 le-

151 3236 233 3304 viter
258 3238 407 3306 movebat
429 3239 612 3326 aliquando,
636 3239 696 3307 nisi
720 3239 899 3308 secundum
923 3239 1009 3326 quod
1033 3239 1114 3306 ratio

146 3348 182 3410 et
204 3361 301 3412 causa
317 3345 466 3426 dictabat,
483 3355 518 3413 ut
533 3345 612 3413 nibil
630 3347 661 3414 in
683 3363 722 3413 eo
738 3352 917 3434 appareret,
933 3346 1018 3434 qnod
1042 3357 1123 3432 pos

149 3457 199 3518 set
221 3449 382 3520 offendere
406 3453 576 3532 intuentes
612 3461 712 3522 toturn
746 3455 777 3522 in
808 3471 846 3522 eo
877 3452 1114 3540 disciplinatum

222 3574 231 3610 ¹
253 3576 312 3630 Vita
330 3577 358 3631 S.
376 3577 526 3646 Malachiae,
544 3591 567 3631 c.
588 3577 630 3631 49.
650 3591 676 3631 u.
696 3576 739 3631 lb.
