2792 4318
654 272 742 320 LIBER
767 271 939 320 SECUNDUS.

672 482 857 549 Canrrunuu
873 483 921 552 lV.

367 697 447 762 Tres
470 703 550 762 sant
571 702 682 761 status
705 693 967 781 Reltpioaornm:
992 694 1239 782 incipientium,

516 800 766 888 proficientium
790 809 820 868 et
838 799 1078 889 perfectorum.

406 1018 435 1081 l.
459 1015 575 1082 Beatus
599 1014 782 1082 Beroardus
806 1014 837 1081 in
864 1014 1001 1100 Epistola
1023 1015 1065 1081 ad
1092 1015 1219 1083 Fratres
1242 1014 1284 1082 de

315 1121 418 1188 Monte
436 1121 511 1188 Doi¹
530 1118 682 1187 describit
699 1127 763 1188 tres
780 1128 883 1187 status
898 1119 1140 1205 Religiosorum,
1163 1121 1284 1189 seilicet

314 1227 557 1313 incipientium,
579 1225 842 1313 proficientium,
863 1224 1101 1314 perfectoram.
1139 1227 1282 1295 Primum

314 1340 405 1401 vocat
428 1333 610 1400 animalem
633 1335 725 1420 quasi
751 1334 877 1414 rudem,
900 1335 955 1421 qui
980 1335 1122 1401 nondum
1136 1335 1282 1421 percipit

314 1448 501 1529 quaesunt
524 1439 667 1525 spiritns
691 1439 752 1506 Dei
765 1440 788 1518 ²,
818 1450 850 1507 et
873 1441 958 1507 eirca
981 1441 1126 1524 corporis
1158 1460 1282 1528 compo

313 1547 457 1614 sitionem
482 1547 589 1612 adhue
613 1545 754 1612 maxime
770 1547 919 1632 occupari
938 1546 1154 1614 necessarium
1173 1549 1281 1628 babet,

314 1652 452 1720 utillud
476 1654 583 1720 domet
606 1660 637 1719 et
661 1653 802 1737 castiget,
827 1671 866 1719 ne
890 1653 1023 1721 rebellet
1047 1654 1174 1740 spiritui
1200 1655 1283 1723 sieut

313 1761 403 1845 prius
428 1761 458 1825 in
482 1766 621 1845 peccato,
645 1759 774 1845 quando
798 1777 872 1826 caro
896 1759 1023 1846 spiritui
1041 1760 1280 1828 dominabatur.

316 1903 360 1914 -
383 1865 564 1932 Secundum
591 1870 681 1931 vocat
704 1865 918 1944 rationalem,
942 1864 997 1932 ubi
1023 1866 1115 1946 ratio,
1136 1884 1222 1952 quae
1237 1868 1283 1934 di·

314 1971 405 2057 gnior
430 1989 504 2058 pars
528 1971 666 2038 bominis
690 1978 747 2052 est,
771 1979 802 2038 et
826 1990 1003 2057 perquam
1040 1972 1239 2040 discernitur
1262 1991 1281 2038 a

313 2079 428 2148 ceteris
466 2078 658 2145 animalibus
698 2078 971 2146 irrationabilibus
1010 2079 1101 2165 quasi
1142 2078 1283 2146 nobilior

312 2186 461 2252 omnibus
485 2184 641 2252 creaturis
667 2184 776 2251 mundi
794 2194 825 2252 et
842 2186 1010 2252 dominans
1028 2186 1187 2266 omnium,
1205 2187 1282 2254 sub

312 2293 420 2378 iugata
443 2310 538 2359 earne
562 2301 593 2358 et
617 2293 648 2358 in
681 2293 867 2360 servitutem
901 2291 1034 2378 spiritus
1068 2292 1211 2373 redacta,
1246 2311 1282 2362 se

312 2399 412 2485 ipsam
449 2399 556 2467 studet
587 2416 769 2483 agnoscere,
802 2417 940 2483 purgare
972 2407 1003 2465 et
1038 2398 1216 2466 reformare
1248 2400 1281 2466 in
1385 2393 1386 2410 ¹

312 2505 479 2590 pristinam
507 2503 691 2589 dignitatem
717 2510 749 2570 et
772 2503 1033 2589 pulcritudinem,
1057 2521 1156 2589 quam
1188 2503 1282 2590 prius

313 2628 369 2696 ρετ
393 2612 511 2696 peceati
544 2609 725 2677 foeditatem
751 2610 911 2676 amiserat.
943 2647 987 2660 -
1019 2609 1163 2677 lentium
1189 2619 1282 2680 vocat

310 2717 535 2803 spiritualem,
570 2717 624 2784 ubi
660 2717 793 2802 spiritus
827 2717 868 2785 ad
905 2717 1075 2802 imaginem
1111 2717 1168 2784 Dei
1209 2735 1283 2784 con·

312 2826 408 2902 ditus,
432 2825 569 2910 Spiritus
592 2825 692 2890 sancti
710 2825 811 2910 gratia
835 2824 975 2905 adiutus
992 2842 1090 2910 supra
1114 2841 1149 2892 se
1173 2842 1283 2893 asceu-

312 2929 359 2997 dit
382 2940 413 2996 et
438 2930 538 2997 tendit
562 2930 592 2995 in
617 2947 703 3009 eum,
727 2931 819 2997 cuius
843 2938 892 2996 est
916 2930 1030 3016 imago,
1055 2937 1091 2997 ut
1113 2931 1141 2998 ci
1169 2931 1283 3018 impri-

313 3027 419 3104 matur
443 3045 474 3103 et
498 3035 714 3103 conformetur
746 3053 803 3122 ρετ
839 3037 1049 3122 cognitionem
1086 3036 1280 3119 intellectus,

312 3162 369 3229 ρετ
386 3142 534 3211 allectum
553 3143 671 3209 amoris
686 3150 717 3210 et
734 3141 893 3210 fruitionis
910 3142 1150 3210 iucunditatem.
1164 3145 1281 3212 -Per

312 3249 453 3334 primum
479 3248 665 3335 pervenitur
680 3247 721 3314 ad
739 3247 928 3328 seeundum,
951 3265 1009 3333 ρετ
1034 3249 1214 3316 seeundum
1238 3249 1281 3316 ad

382 3406 484 3461 ¹ler.
505 3411 523 3461 l.
542 3422 565 3461 o.
585 3407 609 3460 5.
630 3420 654 3459 n.
676 3408 719 3460 tt.
739 3407 790 3459 Sed
810 3414 902 3461 auctor
920 3407 1041 3474 opusculi
1060 3413 1099 3460 ost
1117 3407 1216 3474 Guigo.

379 3495 424 3551 Ἰ.
444 3496 502 3552 Cor.
522 3499 547 3564 t,
569 3495 611 3549 ll.
629 3523 664 3534 -
677 3496 725 3550 Hie
737 3495 797 3550 cod.
819 3495 839 3548 ll
859 3495 939 3550 babet
955 3495 1167 3550 additamentum
1186 3497 1276 3550 incon·

309 3600 417 3651 gruum.
