2742 4320
271 227 336 296 3312
623 246 712 293 trouu
735 243 873 292 ruamus.

270 360 393 422 ocules:
419 352 548 418 Panem
572 359 726 417 nostrum
749 349 984 438 quotidianum
1008 349 1055 416 du
1070 347 1167 416 nobis
1182 346 1238 416 lto

269 458 323 525 die
336 458 359 539 ¹,
375 465 407 526 et
422 459 476 544 qui
501 458 556 525 dat
580 457 674 524 hodie
698 475 770 524 cras
785 473 914 544 quoque
930 456 1010 524 dare
1025 462 1160 542 paratus
1175 463 1238 536 est,

229 589 232 596 ¹
261 571 395 633 ,mutum
422 583 483 631 uon
509 563 708 650 negligamus
731 564 868 649 petendo
891 562 1052 648 colligere,
1076 567 1238 648 quantum

271 668 389 740 sufficit
411 671 452 738 ad
477 670 590 739 salutis
613 670 800 756 proiectum.

360 781 393 845 2.
417 778 496 845 Cum
523 778 553 844 iu
578 779 720 844 oratioue
745 783 775 844 lc
798 777 897 844 sentis
919 776 1110 843 exauditum
1135 784 1168 843 et
1191 775 1237 858 td,

270 883 357 971 qnod
381 885 529 970 petieras,
545 901 616 952 esse
636 883 823 970 impletum;
840 883 903 956 noli
927 882 1051 963 extolli,
1066 883 1160 969 quasi
1176 900 1241 968 pro

271 998 326 1058 tua
350 991 515 1058 sanctitate
533 999 562 1058 te
578 991 664 1058 Deus
680 990 862 1058 exaudierit
878 998 910 1058 et
925 986 1049 1076 prolui
1065 989 1239 1057 dilectione

271 1096 382 1166 lecerit
405 1097 491 1183 quod
525 1099 656 1183 rogasti,
683 1097 739 1165 sed
770 1099 883 1183 cogita,
906 1097 993 1183 quod
1017 1115 1077 1184 pro
1100 1115 1161 1166 sua
1183 1096 1241 1163 lto

274 1205 371 1271 nitate
396 1204 427 1272 id
452 1204 557 1272 lacere
580 1222 638 1290 per
661 1221 695 1272 se
718 1203 923 1291 disposuerit,
943 1203 996 1272 rel
1018 1203 1156 1270 aliorum
1182 1203 1241 1270 ho-

273 1329 389 1378 norum
415 1327 528 1397 preces
551 1311 658 1398 potius
681 1310 871 1390 attenderit3
894 1318 927 1378 ct
946 1310 1064 1396 gratias
1086 1327 1147 1395 age
1161 1309 1242 1390 lieu

273 1419 329 1503 qui
353 1425 384 1484 te
418 1435 496 1484 suae
527 1417 742 1504 dispositionis
777 1423 1016 1503 cooperatorem
1051 1417 1173 1484 habere
1206 1423 1244 1484 et

242 1547 245 1554 ·
273 1523 409 1590 aliorum
434 1524 610 1591 amicorum
636 1539 769 1590 suorum
793 1523 953 1590 orantium
978 1530 1010 1590 tc
1034 1522 1064 1588 in
1087 1521 1150 1589 hoc
1169 1539 1244 1608 par·

274 1629 401 1714 ticipem
426 1628 531 1696 iacere
555 1627 704 1714 dignatus
728 1635 786 1709 est,
809 1636 846 1696 ut
877 1629 909 1695 iu
932 1629 1085 1695 orationis
1108 1635 1185 1695 actu
1207 1635 1243 1696 et

275 1735 403 1821 pietatis
425 1734 543 1803 aflectu
565 1736 720 1802 merearis
742 1742 774 1802 et
808 1735 839 1801 in
869 1735 1083 1802 exauditionis
1119 1733 1243 1802 fiducia

171 1841 175 1850 ‘
274 1835 504 1908 consoleris'et
527 1859 568 1908 ex
593 1841 754 1926 petitionis
783 1848 858 1910 tuae
881 1841 1065 1928 impletione
1088 1841 1243 1910 laetitiae·

274 1948 320 2016 ris
354 1955 386 2015 ct
413 1965 456 2016 ex
491 1948 541 2016 his
564 1965 690 2015 crescas
720 1949 753 2015 iu
787 1965 898 2016 amore
932 1947 999 2029 Dei,
1022 1949 1077 2034 qui
1102 1948 1243 2036 benigne

274 2061 427 2140 procurat
450 2053 542 2122 uoltis
564 2055 756 2136 occasiones,
778 2053 899 2141 quibus
920 2055 961 2123 ad
977 2055 1131 2123 orationis
1146 2072 1243 2141 prae·

275 2160 392 2228 sidium
417 2160 652 2246 compellimur,
676 2167 713 2228 ut
746 2161 949 2230 imminentes
980 2159 1142 2228 molestias
1165 2178 1243 2230 era·

275 2269 402 2350 damus,
434 2267 484 2334 vel
516 2267 598 2334 bona
625 2268 784 2336 desideria
819 2267 963 2354 inspirat,
998 2285 1084 2355 quae
1118 2268 1243 2338 orando

275 2374 428 2463 compleri
463 2375 673 2462 postulemus,
705 2381 750 2456 ut,
777 2391 853 2444 cum
884 2382 1014 2461 rogatus
1044 2374 1242 2456 exaudierit,

275 2483 378 2568 magis
400 2490 527 2550 ametur
558 2500 577 2548 a
607 2481 710 2562 nobis,
733 2490 765 2551 et
788 2490 876 2550 tanto
898 2480 1067 2550 sollicitius
1090 2482 1163 2552 eius
1191 2500 1243 2550 vo

275 2587 389 2657 luntati
414 2605 529 2675 parere
552 2589 751 2669 studeamus,
774 2607 839 2674 quo
869 2606 944 2657 eum
975 2587 1095 2656 nostris
1118 2588 1244 2658 doside

276 2696 334 2764 riis
356 2696 408 2783 pie
431 2702 462 2764 et
486 2703 633 2784 prompte
656 2695 764 2764 lavere
787 2703 820 2762 et
841 2695 973 2764 obedire
996 2694 1177 2763 rideamus

615 2907 799 2976 Currrutmt
823 2907 894 2974 titt.

338 3117 535 3199 Decursis,
559 3137 666 3207 quare
688 3137 755 3186 oon
778 3117 1012 3188 exaudiuntur
1036 3127 1186 3188 munder.

370 3336 398 3401 l.
415 3334 536 3402 Causae
557 3338 676 3413 antem,
692 3349 793 3420 qnare
809 3350 873 3400 non
887 3331 1085 3401 exaudimur
1101 3339 1243 3414 orantus,

278 3439 390 3527 plures
424 3449 515 3509 sunt:
539 3447 596 3508 aut
629 3457 673 3508 ex
705 3438 836 3507 numidis
871 3437 1054 3526 culparum
1087 3439 1243 3520 orantum

350 3561 442 3619 ¹Luc.
463 3566 505 3634 tl,
525 3567 552 3620 ³.
