2792 4318
283 188 327 254 dli
622 207 710 256 amns
736 209 908 258 secuunus.

281 311 401 380 clarius
423 310 549 379 interna
573 313 748 398 spiritualis
778 312 876 380 studii
912 320 1035 382 secreta
1066 314 1253 396 dilatarem,

280 417 430 486 affectum
448 419 489 486 ad
507 418 635 486 virtutis
650 419 828 506 protectum
845 426 877 487 et
893 419 1069 487 devotionis
1084 419 1251 489 terrorem

282 527 502 605 accenderem,
526 543 643 612 corpus
666 526 707 592 ab
730 526 925 612 evagationis
941 527 1090 594 discursu
1115 527 1253 595 restrin-

281 649 401 718 gerem,
424 631 632 717 negligentias
655 639 687 698 et
709 640 839 719 peccata
874 650 945 700 mea
974 651 1032 720 per
1059 633 1251 702 huiusmodi

280 739 423 806 laborem
448 749 621 825 purgarem
645 746 677 806 et
699 747 736 808 ut
758 757 807 821 ea,
830 758 914 827 qnae
930 739 1114 808 meditando
1130 741 1251 823 inveni,

280 846 400 932 scripto
425 845 568 930 ligarem,
591 863 631 912 ne
655 845 773 912 oblivio
789 845 940 914 aboleret.
958 846 994 913 Et
1016 846 1093 933 quia
1116 863 1178 912 non
1194 865 1251 932 pn

282 950 330 1018 tui
354 951 387 1016 in
410 950 473 1017 otio
496 956 528 1016 et
551 950 658 1036 quiete
682 950 742 1018 ista
764 950 924 1036 colligere,
948 953 1004 1020 sed
1028 951 1174 1037 vagando
1188 969 1250 1038 per

283 1057 429 1125 diversas
452 1063 566 1136 terras,
590 1056 645 1122 vix
669 1073 803 1142 perraro
825 1065 957 1143 propter
974 1055 1092 1125 multas
1114 1075 1251 1142 occupa·

283 1163 384 1230 tiones
400 1161 498 1229 habui
515 1162 784 1248 opportunitatem
802 1162 960 1230 scribendi
978 1163 1139 1230 modicum
1149 1187 1159 1244 ;
1174 1163 1251 1231 ideo

283 1269 385 1336 multa
409 1286 471 1335 non
493 1269 536 1335 ibi
555 1269 656 1354 posui,
673 1276 708 1335 nt
724 1269 823 1348 volui,
838 1268 915 1355 quia
931 1268 1104 1336 distractus
1120 1269 1251 1337 animus

283 1375 325 1443 ad
348 1375 527 1461 pluranon
552 1373 636 1441 valet
660 1374 766 1442 subito
789 1391 823 1442 se
847 1375 888 1442 ad
917 1393 1020 1444 unum
1041 1373 1136 1461 plene
1159 1373 1251 1441 colli-

283 1499 369 1568 gere,
392 1481 448 1567 qni
470 1480 577 1559 etiam,
601 1497 675 1547 cnm
699 1481 762 1551 iam
793 1481 1027 1567 aliquantulum
1051 1498 1086 1548 se
1109 1481 1253 1566 coeperit

285 1603 489 1673 congregare,
502 1585 606 1653 statim
624 1587 748 1672 cogitur
765 1587 882 1654 iterum
896 1586 938 1654 ad
954 1586 1016 1653 alia
1031 1587 1116 1654 toras
1128 1586 1253 1672 egredi,

285 1701 317 1762 et
348 1710 382 1762 se
413 1692 534 1773 relicto,
565 1709 613 1772 ea,
638 1711 720 1779 quae
750 1694 806 1760 rix
838 1693 949 1761 videre
980 1694 1151 1780 inceperat,
1174 1692 1255 1760 obli

284 1799 373 1880 visci,
397 1799 480 1866 sicut
502 1799 568 1885 qui,
585 1798 625 1865 de
640 1799 718 1866 loris
734 1800 874 1880 veniens,
890 1799 1048 1867 internam
1073 1799 1185 1868 cellam
1202 1800 1253 1868 in

284 1905 440 1992 graditur,
463 1905 490 1972 si
514 1905 636 1973 diutius
660 1906 701 1972 ini
734 1911 889 1987 moratur,
922 1905 1032 1993 incipit
1063 1905 1183 1974 clarius
1206 1906 1255 1974 vi·

284 2012 361 2080 dere
384 2029 467 2099 quae
489 2012 581 2097 prius
612 2031 675 2078 non
707 2013 804 2092 vidit;
828 2012 854 2080 si
878 2019 986 2081 antem
1018 2012 1113 2082 citius
1142 2021 1253 2094 exeat,

283 2118 402 2186 iterum
418 2117 458 2184 ad
475 2134 513 2185 ea
529 2117 667 2185 videnda
683 2126 841 2186 caecatur.
858 2117 1078 2204 -Quidquid
1094 2117 1191 2204 igitur
1204 2117 1253 2186 ibi

284 2222 536 2310 reprehensibile
559 2223 731 2304 invenitur,
756 2224 938 2309 ignoscatur
955 2223 1132 2310 imperitiae
1148 2240 1254 2306 meae,

285 2335 460 2399 excusetur
482 2329 690 2414 praesumtio,
713 2349 787 2398 cum
811 2331 872 2397 hoc
908 2347 970 2397 non
1001 2348 1060 2415 pro
1083 2329 1166 2410 aliis,
1192 2330 1256 2398 sed

285 2453 344 2524 pro
368 2452 420 2503 me
442 2436 661 2522 principaliter
684 2445 715 2504 et
746 2455 805 2523 pro
835 2435 964 2502 novitiis
986 2444 1019 2504 et
1047 2436 1187 2504 rudibus
1220 2437 1256 2504 in

285 2541 338 2609 via
359 2541 415 2608 Dei
441 2540 568 2629 meique
591 2541 749 2610 similibus
772 2541 965 2610 intenderim
990 2541 1149 2609 inchoare.

580 2820 724 2905 PARS
751 2819 947 2904 PRIMA.

622 3197 922 3264 rasomonorum.

380 3394 408 3458 l.
431 3391 465 3458 ln
488 3390 588 3476 priori
610 3389 750 3457 formula
772 3389 979 3470 novitiorum,
1003 3407 1099 3476 quam
1120 3389 1258 3477 quihus

288 3497 363 3566 dam
386 3497 513 3566 novitiis
536 3497 654 3566 nostris
684 3497 797 3585 scripsi
829 3497 870 3565 de
905 3496 1077 3564 exterioris
1111 3495 1255 3568 hominis
