2808 4318
291 253 355 316 aad
643 267 732 314 uranx
755 267 894 316 ruamus.

289 374 409 460 gratiae
432 381 464 441 et
486 372 616 459 gloriae,
641 382 745 440 tamen
782 373 912 440 intentio
944 373 1076 441 secundi
1100 389 1256 460 coopera-

288 488 352 562 tur,
375 488 411 548 ut
437 488 468 548 et
491 480 626 548 celerius
649 487 681 546 et
704 479 828 565 plenius
852 479 922 560 hnc3
953 478 1038 565 quod
1063 477 1253 564 expressius

289 588 460 667 desiderat,
483 593 684 673 assequatur.
708 586 796 654 Unde
831 585 969 666 multum
1002 585 1087 653 valet
1109 585 1149 654 ad
1183 601 1255 671 per-

289 694 454 763 fectionem
480 693 654 760 sanctitatis
689 693 770 762 scire
797 693 1001 760 intentionem
1038 693 1179 778 dirigere
1209 691 1253 759 ad

288 819 358 868 eam
383 800 598 886 quaerendam
622 807 654 867 et
677 798 821 866 studium
838 817 933 867 snum
954 800 994 866 ad
1020 800 1080 866 noc
1102 799 1255 866 ordinare

289 907 479 987 intantum,
504 914 539 973 nt
562 906 677 992 aliquis
700 905 831 992 faciliori
857 905 967 974 labore
1000 906 1106 993 quoad
1140 924 1255 993 corpo

288 1013 355 1082 rala
379 1014 567 1082 exercitium
592 1014 729 1080 maiores
752 1013 906 1080 mentales
930 1013 1065 1080 virtutes
1101 1012 1256 1094 obtineat,

290 1121 345 1208 qni
367 1121 429 1189 scit
455 1120 631 1206 prudenter
664 1120 832 1205 disponere
868 1137 998 1206 gressus
1033 1137 1118 1200 suno,
1154 1137 1254 1206 quiam

288 1228 371 1295 alius
395 1227 516 1295 fortiori
542 1226 660 1294 labore.
685 1227 874 1312 Exemplum
903 1227 944 1295 de
973 1226 1116 1314 quolibet
1150 1226 1256 1312 perito

288 1333 420 1414 artifice,
443 1333 498 1420 qui
522 1333 635 1413 levius,
659 1334 752 1400 citius
780 1341 811 1400 et
843 1333 956 1400 mellus
987 1341 1140 1418 operatur
1169 1349 1256 1418 opus

158 1500 162 1507 .
251 1519 253 1523 v
289 1440 514 1528 quodcumque
531 1458 626 1526 quarn
640 1439 720 1506 alter
731 1439 902 1523 imperitus
913 1457 986 1507 cnm
1000 1439 1111 1505 maiori
1129 1438 1253 1506 labore.

377 1549 408 1615 l.
434 1549 566 1614 Sextum
591 1554 639 1614 est
662 1547 729 1632 ipse
745 1545 883 1612 nucleus
899 1542 1086 1633 affectualis
1102 1543 1256 1622 virtutis,

289 1671 371 1740 quae
395 1663 442 1722 est
465 1651 616 1740 perfectio
644 1652 727 1738 vitae
761 1651 883 1720 activae
914 1659 945 1718 et
969 1650 1131 1736 ingressus
1165 1650 1257 1717 ordi-

289 1767 383 1828 natus
407 1759 688 1846 contemplativam
712 1759 781 1826 sine
805 1758 859 1824 illa
882 1758 1002 1825 trustra
1025 1765 1174 1842 speratur
1198 1775 1257 1843 pu·

289 1867 366 1935 ritas
390 1867 663 1952 contemplationis
686 1865 737 1933 rel
762 1864 926 1944 stabilitas,
950 1863 1030 1931 sicut
1050 1882 1135 1949 aqua
1159 1863 1255 1930 tontis

289 1992 351 2042 non
375 1975 436 2040 erit
458 1992 551 2060 pura,
574 1973 729 2058 quamdin
753 1972 873 2039 lundus
897 1989 958 2038 non
982 1978 1029 2037 est
1064 1970 1107 2037 ab
1130 1970 1256 2037 iniectis

290 2080 439 2148 sordibus
462 2080 666 2147 emundatus.
695 2079 783 2146 Sicut
817 2085 923 2145 antem
961 2088 1002 2144 ex
1038 2077 1153 2144 nucleo
1187 2078 1257 2164 pin·

290 2187 394 2274 guado
418 2187 477 2254 olei
502 2187 706 2272 exprimitur,
731 2185 774 2252 ita
796 2204 838 2253 ex
862 2184 977 2252 affectu
1002 2183 1130 2250 virtutis
1158 2201 1255 2269 sapor

289 2293 465 2361 devotionis
489 2293 641 2379 procedit,
666 2293 807 2358 maxime
830 2291 929 2358 diuini
961 2289 1079 2357 amoris
1111 2297 1144 2356 et
1175 2289 1257 2357 desi·

290 2401 370 2468 derii
394 2400 539 2468 caelestis
562 2409 593 2467 et
616 2398 723 2484 gandii
748 2398 934 2485 spiritualis,
958 2414 1040 2483 qnae
1063 2396 1202 2466 nobilior
1223 2403 1256 2464 et

289 2506 445 2576 efficacior
470 2515 517 2574 est
540 2525 635 2593 quam
660 2505 861 2592 compunctio
878 2507 999 2572 timoris
1016 2503 1066 2571 rel
1084 2505 1251 2572 moeroris.

380 2617 409 2681 ll.
434 2613 468 2680 lli
491 2621 571 2680 sont
592 2631 650 2679 sec
673 2612 754 2692 dies,
787 2613 823 2680 t'n
853 2611 973 2702 quitos
993 2611 1135 2697 operari
1157 2629 1256 2698 opor·

291 2719 354 2788 tet¹
379 2738 460 2807 opus
484 2720 596 2786 salutis
619 2729 651 2787 et
674 2719 761 2788 cibos
787 2719 867 2788 ritae
891 2735 1057 2806 quaerere,
1084 2737 1126 2784 no
1149 2718 1257 2784 icium

291 2826 486 2914 deficiamus
510 2826 545 2892 ln
569 2827 626 2893 cio
650 2827 720 2907 lrao,
737 2845 801 2913 qna
817 2826 1031 2904 ambulamus,
1048 2825 1091 2891 ita
1108 2832 1145 2892 ut
1159 2833 1251 2892 sexto

291 2935 343 3002 die
365 2933 513 3020 duplices
536 2933 624 3001 cilios
640 2932 849 3020 collipomns,
866 2933 985 3000 scilicet
1000 2931 1102 2999 bonae
1118 2932 1252 2999 actionis

290 3049 322 3110 et
344 3042 414 3127 piae
436 3043 627 3121 allectionis3
653 3048 688 3107 nt
712 3043 743 3108 in
767 3041 912 3126 septimo,
936 3039 966 3106 id
992 3049 1040 3106 est
1064 3040 1096 3106 in
1120 3040 1255 3108 sabbato

290 3151 344 3216 toti
369 3149 437 3217 sani
461 3149 533 3218 farti
557 3167 576 3215 a
601 3148 749 3215 vitiorum
767 3148 975 3234 languoribus
991 3147 1022 3214 in
1047 3147 1161 3236 requie
1177 3165 1256 3234 npu-

290 3255 399 3323 lento²
423 3275 536 3324 vacare
559 3255 718 3342 possimus
734 3255 860 3322 divinae
877 3253 1133 3340 contemplationi
1152 3263 1184 3322 et
1208 3255 1254 3320 vi·

290 3363 377 3444 dere,
392 3363 553 3452 quonium
569 3363 637 3449 epse
652 3370 700 3429 est
717 3361 891 3440 Dominus,
914 3370 946 3429 et
975 3368 1128 3448 portare,
1156 3377 1254 3448 quam

362 3503 370 3538 ¹
389 3507 453 3558 Luc.
473 3505 514 3568 l3,
535 3503 577 3557 ll.
596 3503 719 3572 Sequitur
737 3503 815 3556 llnrc.
834 3504 860 3567 8,
879 3503 903 3556 3.
923 3509 948 3556 et
967 3501 1046 3556 Exod.
1074 3501 1117 3565 ld,
1136 3503 1181 3555 to.

360 3592 447 3646 ²lsal.
467 3595 509 3662 32,
530 3595 576 3660 i8;
596 3593 690 3646 deinde
709 3591 751 3644 Ps.
771 3590 814 3659 ts,
837 3593 878 3645 tl.
897 3599 923 3646 et
943 3591 1002 3656 tlt,
1021 3593 1047 3644 9.
