2738 4316
300 267 321 316 X
689 268 872 318 PRAEFATIO.

300 373 351 427 370
371 374 484 441 codices,
503 376 548 441 qui
567 375 609 428 vel
630 376 678 428 bos
696 381 748 428 tres
770 374 860 438 libros,
878 376 921 426 vel
947 379 1034 439 partes
1058 388 1151 428 eornm
1176 375 1259 428 conti-

298 470 369 528 nent,
388 464 464 517 multi
482 464 591 532 quidem
611 471 672 518 sunt
690 465 823 530 anonymi,
842 464 885 516 alii
903 471 929 516 et
947 478 999 516 non
1013 467 1089 529 pauci
1104 478 1199 517 nomen
1212 466 1260 517 Bo·

299 558 469 619 naventurac,
489 554 639 618 paucissimi
660 565 754 606 nomeu
774 552 907 616 bernardi,
927 553 1045 618 Hugonis
1069 553 1112 604 vcl
1131 553 1196 606 alius
1214 567 1259 605 au-

299 643 378 694 ctoris
396 643 551 706 inscrlptum
570 640 680 707 babent;
700 640 747 694 sed
760 655 856 694 nomen
881 641 1081 694 Bonaventurae
1102 640 1212 696 babetur
1231 641 1259 693 in

298 730 435 783 codicibus
452 729 649 795 recenlioribus,
667 743 729 784 cum
749 731 792 782 vix
810 743 879 784 unus
897 730 995 782 alterve
1008 731 1120 794 serimus
1138 730 1171 782 sit
1189 729 1259 782 circa

299 834 341 873 an.
363 820 446 887 tloo;
465 820 545 872 Fratri
564 832 629 872 vero
647 818 733 870 David
752 817 839 872 lavent
857 818 931 871 multl
949 817 1055 870 codices
1068 831 1138 872 saec.
1150 818 1218 871 xlv.
1232 831 1259 870 et

298 910 388 974 plures
407 922 474 960 saec.
494 908 557 960 xllt.
577 909 703 960 exeuntis.
720 907 800 960 Error
818 908 865 959 iste
878 907 904 958 in
917 906 1076 972 assignando
1093 913 1200 961 auctore
1212 907 1260 959 Bo-

298 1005 442 1050 naventura
460 997 534 1050 laoile
553 997 677 1062 explicari
696 1001 790 1062 potest.
808 993 875 1050 Cum
894 997 964 1048 enim
983 1009 1078 1049 nomen
1097 996 1192 1049 Fratris
1211 997 1259 1049 Da·

297 1084 344 1138 vid
362 1092 432 1140 extra
451 1086 617 1138 Germaniam
637 1085 681 1137 vix
699 1091 768 1139 essct
786 1091 885 1150 notum,
913 1083 1083 1138 celeberrima
1110 1091 1166 1138 erat
1187 1085 1258 1138 lama

252 1241 254 1246 ι
298 1175 324 1226 S.
337 1175 547 1239 Bonaveuturae;
566 1187 627 1227 cum
645 1176 724 1227 etiam
743 1179 879 1238 constaret,
893 1173 1103 1228 Bonaventuram
1121 1175 1258 1239 scripsisse

298 1277 347 1330 pro
366 1265 534 1318 instructione
553 1264 722 1330 novitiorum,
740 1264 837 1317 scilicet
854 1261 984 1333 Repetam
1003 1261 1183 1318 amiliacum:
1204 1278 1257 1316 non

297 1357 338 1404 est
355 1351 515 1416 mirandum,
534 1337 614 1421 quod'
625 1352 722 1406 librarii
748 1354 898 1418 ignorantes
919 1349 1100 1404 substituerint
1124 1365 1172 1417 pro
1197 1365 1258 1404 ano·

298 1455 379 1508 nymo
397 1440 598 1496 celeberrimum
618 1443 839 1496 Bonavcnturam.
855 1442 1020 1506 Deceptionis
1039 1441 1129 1496 simllls
1151 1443 1259 1496 annales

297 1545 386 1584 rerum
405 1531 588 1586 litterarlarum
608 1533 706 1584 lnilnita
720 1531 840 1596 exempla·
853 1529 988 1598 praebent,
1002 1533 1155 1596 praesertim
1169 1531 1260 1598 quoad

297 1633 376 1684 opera
396 1589 598 1686 SS.⁹dugusliul
616 1625 643 1672 ct
660 1620 793 1672 bernardi.

368 1709 408 1762 ad
426 1708 537 1762 eandem
557 1711 710 1762 sententiam
730 1707 836 1761 abunde
853 1708 1061 1761 confirmandam
1080 1722 1261 1776 provocamus

297 1798 427 1862 legentem
457 1797 490 1850 ad
509 1799 593 1862 ipsius
620 1797 742 1862 opusculi
765 1796 889 1863 indolem,
916 1797 1005 1850 stllum
1032 1812 1064 1852 ac
1090 1798 1257 1866 methodum,

297 1901 366 1954 quae
384 1888 472 1938 omnia
491 1887 635 1939 certissime
653 1887 735 1938 aliena
749 1891 836 1938 sunta
850 1885 935 1938 modis
948 1886 1189 1940 bonaventurianls.
1202 1888 1261 1940 lloc

297 1977 410 2044 quisque
430 1975 504 2029 iacile
522 1973 572 2028 sibi
592 1975 751 2040 persuadere
771 1982 864 2040 potest,
882 1989 943 2030 cum
956 1979 1023 2030 lntcr
1035 1990 1064 2029 se
1082 1977 1200 2030 conterre
1212 1991 1261 2031 vo·

297 2065 373 2118 luerit
391 2064 558 2117 solummodo
579 2071 679 2130 partem
699 2066 811 2130 primam
831 2063 889 2118 iibri
908 2066 926 2118 1.
944 2078 1005 2118 cum
1031 2068 1146 2131 genuino
1174 2066 1261 2119 Bona-

297 2158 424 2206 venturae
444 2154 573 2218 opusculo
592 2151 695 2222 Facula
706 2152 871 2208 novitiorum
883 2152 903 2220 ¹,
925 2154 995 2207 ldem
1009 2160 1193 2220 argumentum
1208 2165 1262 2208 tra·

298 2249 392 2296 clante.
411 2243 522 2295 Exclusa
539 2249 627 2296 autam
647 2243 829 2297 bonaventura
848 2258 863 2297 a
882 2245 1073 2310 conscriptione
1092 2246 1170 2298 buius
1187 2243 1259 2312 libri,

297 2332 363 2384 allus
382 2339 474 2384 auctor
492 2334 581 2399 nequit
600 2333 727 2398 assignari
747 2335 794 2386 nisi
814 2333 901 2386 Frater
921 2333 1014 2400 David,
1043 2335 1070 2385 in
1089 2347 1169 2401 quem
1196 2346 1259 2386 con·

297 2420 397 2485 spirant
415 2421 502 2472 omnia
520 2427 685 2488 argumenta.

367 2505 548 2560 Controversia
569 2511 676 2574 proprie
696 2510 801 2575 respicit
818 2509 915 2562 librum
936 2512 1051 2575 primum
1070 2511 1127 2562 slve
1139 2508 1258 2564 Forma-

296 2595 351 2650 lum
363 2595 537 2663 morborum,
552 2599 628 2650 ouius
640 2600 724 2664 prima
738 2613 800 2664 pars
812 2601 916 2664 incipit:
938 2619 952 2646 ι
966 2599 1053 2652 Primo
1074 2612 1180 2664 semper
1196 2613 1258 2652 con·

294 2683 411 2738 siderare
423 2684 506 2740 debes
518 2705 543 2749 s,
562 2686 640 2740 altera
660 2699 739 2740 vero:
762 2689 814 2740 asi
834 2690 875 2742 vis
894 2689 919 2741 ln
936 2690 1028 2754 spiritu
1042 2688 1207 2754 prolicere»,
1221 2689 1258 2742 de

294 2776 440 2840 quostiam
459 2777 555 2828 recenti
575 2781 693 2841 tempore
709 2775 856 2830 dubitatum
869 2783 916 2840 est,
930 2784 1017 2831 utrum
1031 2779 1064 2830 sit
1077 2777 1157 2831 Fratri
1170 2777 1256 2832 David

294 2861 460 2916 trlbuendus.
480 2865 506 2916 ln
525 2864 639 2917 editione
658 2865 781 2918 Vaticana
802 2863 875 2933 (tom.
895 2865 949 2919 Vll.
967 2880 993 2931 p.
1010 2867 1074 2934 652)
1093 2867 1195 2932 primus
1212 2867 1257 2920 llle

293 2949 360 3004 liber
378 2951 457 3006 babet
475 2954 578 3007 titulum
598 2953 636 3006 lle
654 2952 819 3008 institutione
834 2952 999 3009 mutuamina
1012 2962 1038 3010 et
1050 2962 1174 3024 tanquam
1193 2958 1256 3008 scri·

296 3045 371 3104 ptum
391 3041 504 3105 speciale
522 3043 601 3094 etlam
620 3043 678 3095 loco
690 3047 827 3108 separatus
839 3050 904 3097 esta
918 3042 991 3097 llbris
1004 3044 1121 3098 mcundo
1133 3050 1158 3097 et
1170 3045 1255 3100 tertio.

364 3128 532 3195 Waddlngus
550 3130 682 3196 (Annales,
702 3130 750 3183 loc.
769 3133 822 3196 clt.,
842 3137 868 3184 et
879 3134 1020 3197 pmeclpue
1033 3135 1177 3200 Scriptores
1190 3131 1255 3188 Ord.

293 3217 353 3270 liin.
373 3217 560 3286 pitacioli
580 3227 662 3286 putat,
681 3222 752 3274 bunc
774 3220 889 3274 libellum
908 3224 1035 3289 scriptum
1054 3238 1112 3278 esse
1131 3239 1145 3276 a
1163 3229 1254 3278 sancto

293 3308 485 3374 Bonaventura,
504 3308 550 3360 sed
572 3317 660 3374 postea
681 3315 787 3362 auctum
805 3317 832 3364 cl
856 3325 950 3376 parum
979 3319 1109 3367 mutatum
1136 3313 1216 3376 lulsse
1238 3328 1254 3368 a

355 3425 364 3458 ¹
382 3427 521 3488 Impresrum
532 3431 570 3476 est
581 3429 606 3476 in
618 3429 701 3477 nostra
712 3429 815 3480 editione
825 3431 932 3482 Omnium
944 3434 1043 3494 Operum
1054 3433 1079 3482 S.
1091 3435 1180 3483 Bauer.
1192 3435 1252 3482 tom.

292 3509 355 3558 vm.
367 3524 390 3570 p.
403 3509 459 3570 tio,
475 3513 501 3558 et
517 3509 646 3572 separatim
661 3511 687 3560 iu
703 3513 814 3574 opusculo
830 3514 924 3563 Solacia
940 3517 1039 3576 scripta
1054 3513 1156 3564 eiusdem
1168 3529 1193 3576 p.
1205 3515 1253 3564 204

292 3603 357 3650 seqq.
