819 1202
203 130 223 141 oa
235 129 358 141 nzronnrioue
369 129 434 141 uoumts
445 129 537 141 inremotus.
581 125 610 141 14¹

126 156 218 175 comedere,
230 160 278 177 quani
291 156 311 172 sit
327 156 427 172 conveniens.
439 155 507 172 lufirmis
515 157 568 172 autem
581 159 612 171 non

126 184 153 199 est
165 182 191 199 lex
204 182 260 203 posita.
273 182 339 199 luvenes
351 186 389 198 vero
397 184 413 198 et
425 181 520 201 laborantes,
528 181 612 198 sioutexi-

127 209 152 230 git
165 208 255 228 necessitas,
267 208 335 225 discrete
352 208 395 225 refici
412 210 483 230 possunt,
495 208 560 230 quando
575 212 612 225 con-

127 235 199 252 suetudo
210 235 235 252 vel
248 235 354 252 ecclesiastica
366 235 444 252 institutio
456 239 486 252 non
499 237 582 257 repugnat.

175 262 190 279 ἣ.
202 262 260 279 Contra
272 262 359 279 secundam
371 262 416 278 utilis
427 263 451 278 ost
468 261 552 283 disciplina
568 266 613 278 vere-

127 288 203 308 cundiae,
215 291 233 305 ιιι
245 289 316 305 modeste
328 293 345 305 se
357 288 426 305 habeant
441 290 456 305 et
472 288 550 310 impetum
565 288 613 305 rofre*

126 317 172 332 nent.
185 324 205 327 —
214 315 258 335 ltern,
270 315 381 335 consideratio,
393 315 431 336 quia
439 315 528 331 inordinata
539 316 555 331 et
565 314 613 331 nimis

127 342 203 359 festinata
215 342 279 359 resectio
292 342 340 359 laedit
351 344 425 358 naturam
443 344 459 358 et
471 342 524 358 minus
536 342 585 358 nutrit
597 343 613 358 et

126 373 136 385 e
149 373 231 385 converso.

174 395 190 412 3
203 395 260 412 Eadem
273 395 320 412 etiam
338 395 444 412 consideratio
457 395 498 412 valet
510 397 565 412 contra
581 397 612 411 ter-

126 422 167 438 tiam
180 422 255 443 speciem,
266 427 298 443 qua
309 422 357 439 nimis
365 422 444 442 sumitur,
456 424 472 439 et
479 422 517 443 quia
529 421 595 443 impedit
603 426 613 438 a

126 449 171 465 hono
179 453 232 470 opere,
240 449 281 466 sicut
293 453 342 470 supra
349 449 354 459 ¹
363 449 424 466 dictum
432 451 460 466 est.
469 457 490 461 —
502 448 584 465 Efficacius
592 450 613 465 ta-

127 480 166 493 men
179 476 267 493 remedium
280 477 335 492 eontra
347 476 410 492 tertiam
422 478 438 493 et
452 477 526 497 quartam
544 475 612 497 speciem

126 505 153 519 est
166 507 196 519 non
210 502 273 522 nabere,
285 502 328 519 unde
340 502 389 524 possit
403 502 450 524 gulae
464 502 559 519 satisfacere.
568 502 612 519 Unde

126 531 190 551 quanto
201 529 237 550 quis
251 529 337 550 pauperior
353 529 406 549 tuerit„
422 531 466 546 muto
481 529 534 545 minus
550 529 566 545 in
582 529 612 546 har:

127 557 175 578 parte
188 555 263 577 peccabit.

175 583 191 599 l».
204 582 243 599 llaec
255 584 279 599 est
294 583 382 599 seeundum
399 582 500 599 traditionem
516 583 597 599 seniorum
606 582 611 591 ¹

125 609 187 631 prima
196 614 254 631 pugna,
262 614 310 631 quam
321 610 407 627 devincere
415 614 444 626 uos
452 611 519 631 oportet,
529 611 545 626 et
553 612 613 631 quanto

130 636 184 653 minus
196 638 271 658 superata
289 636 342 656 fuerit,
358 638 401 653 tanto
414 636 491 653 validiora
506 638 544 653 sunt
559 639 612 653 cetera

128 663 168 680 vitia
180 665 235 680 contra
247 667 280 683 nos,
296 666 312 680 et
327 667 356 680 nos
372 663 457 680 debiliores
472 665 527 680 contra
543 667 567 680 ea
583 663 613 680 Per

128 690 177 711 gulae
190 692 271 711 peceatum
283 694 330 706 murs
342 689 424 706 mtravit'
437 690 453 706 in
465 694 512 706 omne
524 694 574 711 genus
579 679 613 707 liu-

129 721 202 733 manum.
214 717 258 734 Unde
266 719 282 733 et
289 717 387 733 Salvatorem
396 719 468 733 nostrum
477 717 551 734 diabolus
562 717 613 738 primo

130 748 160 765 per
172 743 225 765 gulam
235 744 301 760 tentavit
309 744 320 763 “,
332 744 377 765 quasi
386 748 395 760 a
404 744 451 760 ianua
459 743 527 760 aliorum
537 744 612 760 vitiorum

130 770 192 788 aditum
205 774 284 792 quaereus
296 770 316 787 ad
329 770 410 787 ulteriora.
419 770 464 787 Valet
471 770 519 787 etiam
532 772 563 787 tarn
575 774 613 787 ron-

130 799 156 814 tra
168 797 280 814 delectationes
292 797 339 818 gulae
351 802 399 819 quam
412 797 459 814 etiam
471 799 526 814 contra
538 797 577 814 alias
586 802 613 814 vo-

130 824 200 845 luptates
212 824 277 840 vitiosas
288 824 395 844 considerare,
411 828 459 845 quarn
475 824 506 841 cito
522 824 613 845 pertransit.

129 855 178 873 quam
192 851 261 867 breviter
273 850 321 867 durat
329 853 344 867 et
355 850 398 872 quod
411 853 490 868 transacta
498 851 521 868 sio
530 853 558 871 est,
567 851 612 872 quasi

129 882 214 899 nunquam
226 877 280 896 ruerit,
291 879 307 894 et
319 877 395 899 relinquit
408 879 444 899 post
455 882 472 894 se
485 877 550 899 vestigia
562 877 613 894 malae

167 918 171 926 ¹
181 917 213 934 ew.
225 917 286 934 praeced.
295 918 308 931 1η
318 917 349 931 flue

167 940 173 948 ι
181 939 208 953 err.
219 939 276 953 nussim
287 940 310 953 102
321 940 343 953 αιι.
353 943 365 953 c.
375 940 397 953 13.
406 941 419 953 ei
429 940 449 953 11.

167 962 172 970 ·
182 962 240 979 nome
247 962 268 975 ⁴2.
275 963 325 979 2:091..
336 962 348 978 ³.
358 962 371 975 s.
408 962 414 970 ⁴
425 962 469 976 ιιι-(ιιι.
479 962 491 979 ι,
502 963 515 976 a.
