2792 4318
289 274 330 320 bu
353 270 594 321 REFORMATIONE
618 270 748 320 liolllrlls
771 271 954 321 lNTElllOlllS.
1063 255 1104 322 69

138 377 246 444 nobile
269 395 352 462 opus
376 376 485 443 volens
509 376 623 456 lacere,
639 377 765 461 quaerit
782 395 843 442 non
869 375 953 456 vilia,
970 377 1025 444 sed
1045 394 1106 445 me·

139 485 221 551 liora
244 483 454 569 exemplaria,
478 500 560 568 quae
586 491 687 568 potest
710 482 847 560 babere3
871 490 901 550 et
918 482 1020 550 viator
1043 501 1105 551 non

138 591 267 676 quaerit
290 590 374 655 viam
399 589 440 654 ab
465 589 695 673 ignorantibus
720 588 776 655 sed
799 605 818 653 a
841 589 1014 655 scientibus
1035 605 1105 655 eam

139 705 173 764 et
196 697 250 783 qni
276 713 372 780 saepe
388 695 719 781 ambulaveruntper
735 713 824 773 eam;
841 696 972 762 loannes
989 696 1014 760 ¹:
1029 694 1108 762 Noli

139 802 277 869 imitari
297 801 438 880 mulum,
463 802 521 868 scd
544 800 676 867 buu-um.

231 910 263 976 lt.
289 908 429 975 Tertium
455 916 514 988 est,
537 908 624 993 quod
660 923 773 975 cavere
797 907 923 988 debent,
954 925 995 976 ne
1026 907 1106 977 iudi·

139 1023 213 1083 cent
238 1022 358 1082 temere
389 1001 471 1082 iacta
505 1013 654 1092 aliorum,
690 1013 831 1080 maxime
859 1013 914 1080 ubi
950 1014 1105 1095 nesciunt,

138 1141 205 1208 qua
228 1122 270 1188 de
293 1137 390 1188 causa
414 1121 464 1188 vel
499 1120 672 1187 intentione
703 1119 791 1186 fiant.
816 1119 902 1187 Sicut
925 1120 1009 1188 enim
1041 1139 1103 1188 non

139 1231 290 1296 videmus
313 1228 452 1300 aliorum
474 1229 689 1313 cogitationes,
706 1227 751 1294 ita
773 1245 832 1295 nee
849 1229 1036 1296 intentiones
1052 1246 1106 1297 ec·

110 1419 113 1426 ¹
138 1352 226 1412 rum,
250 1351 351 1420 quare
375 1334 435 1400 huc
459 1332 509 1399 vel
534 1332 594 1398 buc
618 1331 690 1413 liat;
710 1333 797 1400 unde
815 1333 974 1420 quidquid
998 1333 1105 1419 aliquo

139 1441 237 1507 modo
261 1447 364 1526 potest
387 1439 547 1519 excusari,
572 1457 698 1526 semper
722 1440 762 1507 ad
787 1440 952 1508 meliorem
980 1447 1105 1526 partem

138 1548 402 1633 interpretemur,
417 1547 443 1615 si
469 1546 620 1614 voluimus
636 1546 847 1632 tranquillum
863 1565 919 1614 cor
939 1547 1106 1614 nobiscum

139 1655 261 1722 habere
284 1661 316 1720 et
340 1672 412 1722 cnm
437 1653 509 1721 aliis
532 1661 564 1721 et
586 1653 665 1720 alios
689 1671 750 1719 nun
775 1653 908 1720 turbare
939 1659 971 1720 et
1001 1652 1104 1720 Deum

139 1780 203 1828 non
228 1761 400 1841 offendere,
423 1761 499 1846 quia
523 1777 617 1846 saepe
652 1760 842 1840 iudicamus,
878 1759 999 1826 malum
1035 1776 1106 1828 esse

139 1868 227 1954 quod
253 1867 285 1933 in
303 1885 336 1935 se
359 1886 420 1933 non
444 1875 493 1934 est
516 1866 648 1946 malum,
671 1873 703 1933 et
723 1884 894 1952 peccamus
917 1874 1106 1952 propterte

138 1975 332 2054 maritalem,
356 1974 543 2058 usurpando
567 1973 658 2040 nobis
682 1971 800 2040 iudicia
823 1973 879 2040 Dei
904 1973 944 2040 de
972 1973 1105 2041 occultis

139 2080 300 2147 cordium.
325 2079 461 2166 Magistri
487 2079 586 2146 nostri
612 2079 680 2147 vice
703 2078 760 2146 Dei
784 2079 955 2165 aliquando
980 2079 1012 2147 id
1036 2097 1106 2166 pos·

139 2192 217 2260 sunt
249 2185 391 2252 indicare
427 2204 484 2271 per
519 2185 721 2253 coniecturas
743 2185 1002 2266 circumstantes;
1035 2185 1106 2252 aliis

138 2310 204 2359 non
224 2292 366 2378 expedit,
382 2311 500 2378 pronos
516 2310 584 2360 esse
601 2293 642 2359 ad
658 2292 876 2372 iudicandum,
890 2293 1000 2372 donec,
1014 2292 1106 2378 plene

138 2400 170 2466 in
189 2398 339 2466 omnibus
354 2399 471 2467 eruditi
490 2400 684 2486 perdurum
707 2397 907 2466 discretionis
931 2398 1103 2485 spirituum

138 2515 170 2574 et
196 2524 272 2573 vera
296 2504 479 2591 spirituales
502 2507 616 2587 effecti,
640 2507 755 2573 omnic
780 2505 977 2585 diiudicent,
994 2515 1023 2572 ct
1040 2505 1107 2592 ipsi

137 2632 162 2680 a
174 2613 306 2679 nemine
318 2613 508 2680 iudicentur
524 2614 546 2693 ²,
563 2615 645 2682 sicut
662 2614 750 2698 clare
765 2614 887 2694 videns,
904 2613 957 2699 qui
974 2629 1105 2680 caecum

139 2721 239 2800 videt,
264 2737 321 2787 nee
345 2726 449 2787 tamen
474 2739 493 2788 a
516 2738 611 2787 caeco
634 2721 773 2800 ridetur,
797 2737 870 2787 cum
903 2737 1017 2787 caecus
1048 2736 1106 2786 nee

139 2827 251 2894 videat
265 2844 299 2893 se
316 2827 441 2912 ipsum;
457 2827 497 2894 ad
517 2827 672 2895 Romanos
687 2827 718 2893 ³:
751 2829 800 2893 Tu
822 2828 899 2914 puis
914 2846 959 2904 es,
984 2825 1044 2914 qui
1058 2825 1107 2892 iu-

139 2933 239 3000 dicas
263 2931 412 2999 allectum
435 2932 598 2999 seruum?
622 2933 691 2999 Suo
715 2932 849 3000 domiuo
873 2940 952 3010 stul,
976 2940 1038 2998 aut
1053 2949 1107 2997 cu·

139 3039 191 3107 dit
214 3047 273 3106 etc.
298 3040 397 3125 Saepe
421 3040 514 3107 etiam
534 3049 699 3106 merentur
716 3038 876 3106 temerarii
895 3037 1017 3106 iudices
1033 3037 1107 3103 alio·

140 3165 227 3226 rum,
239 3154 275 3213 ut
287 3153 343 3214 aut
356 3147 385 3212 in
400 3146 557 3213 similibus
573 3155 630 3213 aut
645 3146 847 3231 gravioribus
859 3144 1047 3213 excessibus
1059 3162 1107 3211 ca·

140 3253 219 3320 dere
244 3253 479 3339 permittantur,
496 3261 531 3319 ut
548 3253 671 3320 discant
687 3271 729 3318 ex
746 3269 804 3318 sua
822 3251 1005 3318 infirmitate
1024 3269 1108 3318 coru·

215 3499 325 3568 ¹Eplst.
343 3502 381 3554 lll.
401 3516 427 3554 v.
447 3501 488 3554 ll.
695 3497 778 3554 'utu
798 3502 815 3554 l.
835 3499 895 3554 Cor.
914 3501 939 3565 2,
960 3499 1003 3552 t5.

215 3588 310 3657 θὼρ.
329 3589 371 3657 ll,
392 3590 416 3643 l.
