2792 4318
316 233 380 299 lul
653 251 741 298 unna
765 249 939 298 secuunus.

311 356 353 423 ad
378 355 589 423 humilitatem
615 355 773 423 inclinant.
798 356 828 421 Si
852 363 958 422 autern
992 373 1071 421 rana
1092 355 1183 440 gloria
1203 353 1245 421 rel

311 460 463 546 superbia
494 461 599 547 pulsat
633 468 771 529 mentem
807 479 866 547 pro
900 461 1082 529 huiusmodi
1118 460 1245 528 hunilla-

312 567 406 646 tione,
429 568 490 634 hoc
513 577 561 635 est
594 585 636 635 ex
673 569 810 635 novitate
842 566 892 635 vel
923 567 1054 634 raritate
1084 564 1246 635 huiusnoli

313 673 559 752 humiliationis;
583 692 656 741 nam
681 692 739 760 per
771 675 900 760 longum
936 691 1031 741 usum
1065 674 1121 757 ista
1143 675 1246 740 vanitas

310 782 488 861 evanescit3
512 781 696 848 Psalmus¹t
722 781 763 847 In
786 781 853 848 Deo
875 779 1042 868 sociemur
1057 781 1243 858 uirtutem,ct

310 886 380 974 ipre
402 887 450 953 od
471 884 615 954 uiltr‘lum
638 887 774 954 deducet
797 887 953 955 inimicos
975 896 1114 954 nostroe.

401 992 431 1060 3.
457 994 598 1062 Tertium
634 1003 682 1062 est
706 996 887 1082 superiores
911 1004 942 1063 et
977 995 1121 1063 meliores
1154 1012 1183 1061 se
1211 1001 1246 1060 at·

311 1100 531 1180 moderatam
557 1101 701 1168 homines
724 1120 821 1189 quam
846 1101 950 1188 ipsum
967 1102 1133 1170 Dominum
1148 1102 1243 1180 lesum,

310 1204 412 1273 Deum
435 1214 466 1274 el
492 1207 662 1286 hominem,
686 1213 857 1275 uteorum
882 1210 1115 1294 comparatione
1137 1207 1245 1274 sibimet

310 1313 440 1380 vilescat
463 1313 567 1392 homo,
592 1313 645 1399 qui
671 1331 704 1380 se
739 1314 860 1400 aliquid
892 1331 962 1382 esse
993 1320 1093 1401 putat,
1121 1315 1194 1380 sicut
1213 1313 1246 1379 lo

310 1428 400 1486 custa
430 1419 471 1486 ad
503 1420 672 1504 gigantem,
704 1420 846 1488 calculus
869 1419 908 1486 ad
935 1427 1085 1500 montem,
1107 1426 1187 1504 gutta
1213 1416 1246 1484 al

309 1525 439 1606 llnmen,
462 1534 493 1593 et
515 1526 576 1593 hoc
600 1534 664 1594 tarn
696 1527 727 1593 in
759 1526 902 1595 faciendo
925 1526 1009 1594 bona
1037 1545 1131 1613 quam
1153 1527 1182 1593 in
1203 1542 1245 1610 pa·

309 1632 416 1699 tiendo
439 1633 584 1701 adversa.
608 1634 770 1701 Pannosus
801 1633 908 1720 garcio
943 1633 1066 1702 vilescit
1089 1634 1166 1700 inler
1187 1648 1248 1718 pnr-

308 1746 450 1824 pnratos,
474 1739 519 1807 sic
542 1756 600 1806 nos
622 1739 745 1807 debiles
775 1749 806 1807 et
831 1757 989 1826 pauperes
1023 1740 1055 1805 in
1091 1738 1248 1805 virtutibus

310 1853 454 1929 respectu
479 1845 636 1913 rnaiornro
660 1854 692 1912 et
714 1846 912 1925 Sanctorum,
936 1844 1003 1912 sive
1026 1852 1099 1911 ante
1123 1862 1177 1910 nos
1196 1842 1251 1909 lue

309 1949 384 2030 rint,
409 1950 477 2017 sivo
501 1949 676 2018 nobiscum.

618 2164 801 2231 Cnnrrunusr
825 2164 954 2231 xxxvl.

603 2375 736 2463 Triplex
759 2385 806 2443 eet
829 2377 970 2445 invidio.

398 2591 426 2656 l.
451 2590 586 2658 Invidia
610 2591 726 2678 triplex
752 2599 815 2658 est:
841 2592 955 2677 prima,
978 2609 1038 2658 non
1063 2592 1200 2678 gaudere
1220 2588 1254 2657 de

306 2695 389 2763 bono
412 2697 543 2766 alterins
566 2705 598 2766 et
621 2717 683 2764 non
707 2698 815 2766 dolere
839 2698 879 2766 do
904 2699 998 2765 rnalo.
1027 2699 1089 2766 lloc
1120 2707 1166 2766 est
1194 2713 1254 2764 ron
1366 2761 1367 2792 ¹

306 2809 356 2870 tra
380 2803 542 2870 caritatem
566 2805 716 2890 proximi,
737 2821 832 2890 quem
857 2812 1004 2872 tenemur
1027 2805 1159 2892 diligere
1181 2805 1254 2871 sicul
1366 2793 1367 2888 l

306 2910 526 2995 nosmetipsos,
549 2929 622 2978 curn
647 2929 741 2978 nemo
764 2911 804 2978 de
827 2911 959 2998 proprio
986 2912 1068 2979 bono
1099 2931 1160 2980 non
1191 2928 1255 2997 gau·

306 3014 389 3095 deal,
413 3015 463 3083 vel
487 3016 527 3083 de
552 3016 635 3082 malo
659 3036 720 3086 non
744 3017 859 3085 doleat.

395 3124 425 3189 ⁰2.
449 3123 604 3203 Secunda,
627 3123 720 3190 etiam
745 3124 855 3191 dolero
885 3132 917 3192 et
947 3125 1088 3211 torqueri
1120 3126 1151 3192 in
1175 3122 1255 3192 bonis

305 3228 448 3310 alterius,
471 3236 503 3296 el
526 3231 666 3316 gaudere
689 3239 721 3298 et
743 3239 853 3316 optare
886 3232 1006 3299 malum
1034 3233 1105 3300 eius
1128 3229 1257 3301 exodio

305 3351 469 3421 personae.
493 3336 570 3403 Nam
595 3337 650 3423 qni
681 3337 767 3405 dolet
797 3337 838 3404 de
861 3339 1072 3424 prosperitate
1096 3335 1256 3425 temporali

305 3442 451 3524 alicuine,
476 3443 526 3510 vel
549 3444 667 3529 gaudet
690 3444 731 3512 do
760 3444 953 3512 adversitate
976 3444 1057 3524 eins,
1080 3445 1156 3532 quia
1179 3442 1257 3511 ridet

377 3566 386 3599 ¹
408 3571 446 3624 Ps.
466 3569 509 3638 59,
532 3569 572 3624 ll.
