2776 4316
278 221 344 287 248
636 237 725 285 uranu
748 237 886 285 cunnus

278 344 416 412 honores
430 369 438 424 ;
453 350 493 410 et
516 343 541 410 si
566 343 739 430 aliquando
762 343 898 410 delectat
921 360 996 410 eum
1021 343 1149 432 aliquod
1176 344 1254 410 isto-

278 469 363 530 rum,
388 459 488 518 semet
510 450 614 535 ipsum
648 451 821 535 redarguat
850 458 882 517 et
905 451 1037 536 castiget
1064 449 1155 535 quasi
1192 451 1253 518 de-

251 565 254 570 “
278 564 417 642 ceptum,
441 562 472 622 et
496 557 527 621 io
551 574 615 642 quo
637 555 764 622 ueritus
790 575 858 622 non
879 555 925 623 sit
940 555 950 588 ¹
959 579 972 634 ‚·
1001 556 1163 623 Psalmus:
1195 555 1255 622 Fi-

280 663 319 731 lii
341 662 526 742 dominum,
551 656 589 729 in
611 663 694 752 quid
727 663 867 750 dilipt'tt's
890 664 1073 731 uanitatem
1097 671 1256 752 atquae

278 771 357 838 ritis
380 770 617 837 mendacium?
642 771 721 837 Cum
757 772 841 838 enim
878 771 964 838 Deus
998 770 1104 837 omnia
1138 771 1255 856 possit,

196 932 199 937 .
278 886 316 945 ut
338 878 499 964 quidnos
534 896 596 943 non
632 877 704 944 lecit
738 877 889 965 aequales
917 876 1041 962 Angelis
1078 878 1110 943 in
1134 877 1253 962 gloria,

278 985 337 1052 nisi
365 992 398 1051 nt
423 985 491 1069 ipsa
526 985 689 1070 depressio
720 991 829 1051 nostra
860 1003 919 1052 nos
942 984 1099 1064 humiliet,
1125 1002 1164 1051 ne
1189 984 1256 1052 ele·

278 1109 393 1158 vemur
417 1091 500 1158 siout
523 1091 645 1158 seducti
670 1098 702 1157 et
725 1091 911 1158 seductores
934 1091 1037 1177 angeli
1061 1098 1094 1158 et
1117 1109 1253 1158 corrua-

279 1217 353 1266 mus
383 1207 414 1264 et
445 1184 642 1284 pereamusl
671 1199 744 1265 lnde
776 1205 834 1278 est,
866 1199 962 1284 quod,
994 1215 1068 1265 cum
1102 1199 1191 1264 Deus
1216 1199 1249 1264 in

278 1305 437 1390 baptismo
473 1305 561 1371 tollat
596 1306 722 1390 penitus
758 1312 883 1371 reatum
919 1305 1038 1389 peccati
1070 1303 1251 1388 originalis,

280 1429 413 1497 poenam
439 1419 545 1478 tamen
569 1411 783 1496 corruptionis
807 1429 869 1477 non
887 1409 967 1476 tollit
991 1411 1022 1475 in
1042 1412 1253 1490 haesitant

280 1535 407 1603 semper
432 1525 594 1584 remaneat
615 1517 706 1585 nobis
722 1517 907 1584 memoriale
925 1516 1165 1596 humiliationis,
1183 1535 1252 1603 quo

280 1625 365 1691 cauti
382 1623 493 1703 simus,
510 1641 550 1690 oe
566 1624 792 1708 superbiamus
808 1624 890 1690 sicut
907 1623 1000 1708 primi
1027 1633 1177 1709 parentes
1194 1643 1251 1692 no

281 1730 348 1810 stri,
361 1747 401 1796 ex
420 1748 557 1815 quorum
575 1731 715 1815 superba
734 1729 982 1814 transgressione
997 1746 1108 1796 omnes
1124 1732 1253 1797 corrui·

279 1853 353 1901 mus
377 1838 408 1902 io
433 1836 560 1921 culpam
577 1843 608 1902 et
625 1853 758 1921 poenam
776 1835 934 1914 miseriae,
950 1853 1047 1921 quam
1068 1845 1252 1920 portamus

279 1951 311 2012 et
334 1943 441 2010 adhuc
458 1943 626 2021 deteriora,
644 1943 702 2009 nisi
720 1942 806 2009 De'us
822 1940 991 2021 custodiat,
1007 1950 1250 2026 exspectamus.

370 2053 399 2118 t.
424 2050 590 2116 Secundus
614 2050 733 2135 gradus
750 2058 851 2136 potest
866 2049 939 2128 dici,
956 2067 1028 2116 cnm
1055 2068 1118 2115 non
1140 2050 1250 2118 solum

280 2173 314 2224 se
337 2155 443 2241 ipsum
467 2173 642 2241 agnoscens
665 2157 760 2222 nomo
784 2155 906 2239 spernit
939 2173 999 2240 pro
1024 2154 1145 2223 vilitate
1177 2173 1252 2236 sua,

179 2285 184 2294 ·
281 2263 449 2332 sedetiam
474 2263 515 2329 ab
538 2263 609 2329 aliis
633 2262 738 2348 sperni
764 2280 798 2330 se
823 2262 980 2347 patienter
995 2263 1120 2346 accipit,
1138 2263 1252 2344 immo,

280 2371 356 2456 quia
380 2369 545 2437 veritatem
571 2377 656 2436 amat
680 2377 712 2436 et
735 2387 769 2436 se
793 2369 917 2454 privato
933 2385 1043 2435 amore
1059 2387 1121 2435 non
1143 2370 1252 2457 diligit

280 2484 391 2544 contra
415 2478 591 2556 veritatem,
615 2478 709 2544 etiam
734 2476 896 2544 desiderat
930 2475 971 2542 ab
994 2475 1066 2542 aliis
1102 2479 1252 2562 reputari

280 2585 363 2664 talis,
387 2583 514 2671 qualem
540 2602 573 2651 se
598 2592 734 2670 reputat,
759 2583 853 2650 vilem
887 2583 1006 2650 scilicet
1038 2591 1069 2649 et
1093 2583 1250 2677 vitiosum

281 2697 312 2758 et
336 2689 517 2776 ignobilem,
541 2697 574 2756 et
598 2691 724 2776 qualem
751 2707 784 2756 se
809 2689 840 2754 io
865 2690 998 2756 veritate
1014 2691 1189 2774 cognoscit,
1219 2691 1252 2758 in

282 2804 438 2883 quantum
451 2797 553 2864 credit
564 2796 744 2881 agnoscenti
759 2814 820 2862 non
837 2796 949 2862 obesse
967 2833 1012 2844 —
1035 2796 1250 2882 Gregorius²z

287 2904 405 2971 «Siout
429 2905 559 2988 superbi
584 2904 770 2983 honoribus,
806 2904 848 2970 ita
879 2902 1071 2990 plerumque
1108 2904 1251 2973 humiles

281 3028 341 3078 sua
365 3011 566 3096 despectione
590 3011 740 3095 gaudent,
764 3010 839 3097 quia
863 3009 1028 3090 iudicium,
1044 3011 1131 3096 quod
1158 3009 1199 3078 de
1215 3027 1252 3080 se

281 3116 368 3184 intus
392 3116 520 3196 habent,
543 3118 637 3183 etiam
663 3119 703 3183 ab
727 3117 798 3184 eliis
821 3117 963 3184 sentiunt
977 3117 1150 3202 approbari
1166 3145 1182 3178 ι
1205 3155 1248 3167 -

281 3232 400 3291 etcum
426 3224 512 3291 dolet
537 3225 631 3290 homo
654 3232 687 3290 et
709 3223 829 3290 fastidit
853 3223 990 3290 honores
1006 3224 1066 3290 sibi
1084 3225 1251 3293 exhibitos

280 3336 313 3397 et
336 3327 510 3418 vilipendit.
536 3367 579 3380 -
603 3331 662 3398 iste
685 3331 807 3417 gradus
829 3330 913 3396 altus
936 3337 994 3410 est,
1017 3339 1049 3396 et
1073 3331 1152 3398 satis
1182 3333 1247 3399 rari

353 3469 363 3502 ¹
384 3474 497 3539 inunt,
517 3472 565 3541 tt;
584 3476 703 3542 sequitur
720 3473 763 3526 Ps.
783 3472 807 3540 t,
826 3473 853 3526 3.
959 3505 961 3511 ,

351 3561 439 3622 ²,Lib.
458 3564 475 3614 l.
496 3563 596 3630 Dialog.
615 3575 638 3617 c.
658 3564 684 3617 5.
