2742 4320
278 235 318 282 DE
341 235 385 282 Vll
408 235 623 284 PROCESSIBUS.
647 237 819 286 PROCESSUS
842 238 894 286 vll.
1004 220 1069 288 367

104 337 170 406 bus
194 346 242 406 est
265 346 441 421 assuetum,
466 340 498 407 id
522 349 570 408 est
594 342 800 410 terrestribus
816 350 847 410 el
864 342 998 424 vilibus3
1016 343 1071 412 Ge·

102 444 192 512 nesis
206 443 234 511 ¹:
261 445 413 514 Conantes
436 445 572 514 lrerlronr
605 451 726 527 teitau,
751 456 782 515 et
806 449 865 517 hoo
901 459 971 537 post
1002 468 1071 536 peu·

102 559 224 620 uatum.

430 767 615 836 Currruuunr
639 741 759 836 lxix(

205 941 397 1046 ‘Consilium
421 979 613 1060 decuriis,
637 982 697 1069 qui
719 1001 759 1048 ero
782 981 964 1049 deuotionis

338 1085 538 1155 vehementia
562 1088 725 1156 debilitati
745 1095 833 1154 sunt.

199 1301 227 1364 l.
252 1299 416 1383 Quaerunt
440 1308 546 1368 autern
571 1301 677 1368 devoti
702 1301 874 1388 aliquando
898 1319 938 1369 ex
975 1287 1069 1369 dero·

104 1404 201 1472 tionis
217 1406 417 1474 vehementia
433 1424 565 1493 corpore
582 1406 747 1487 debilitati,
764 1416 874 1474 atrurn
892 1407 932 1474 sit
954 1408 1068 1476 melius

105 1510 302 1579 debilitatem
328 1514 471 1599 eorporis
505 1515 611 1600 potius
645 1515 754 1581 subire
778 1522 809 1581 et
832 1514 980 1600 spiritum
1009 1532 1066 1600 per

107 1618 287 1686 devolionis
311 1620 453 1686 studium
489 1638 562 1688 eum
597 1621 659 1688 Deo
694 1620 847 1687 roborare
879 1628 911 1687 el
933 1621 1069 1705 gratiam

105 1725 245 1792 oblatam
271 1745 331 1793 non
357 1726 503 1806 abiicere,
520 1746 560 1793 an
578 1746 636 1814 pro
659 1727 757 1794 nirnia
773 1727 935 1794 debilitate
952 1745 986 1794 se
1002 1727 1071 1795 abs·

105 1831 235 1899 trahere
258 1851 277 1899 a
301 1832 466 1901 devotione
489 1841 521 1901 et
544 1835 693 1920 spiritum
724 1836 930 1919 exstinguere
954 1841 986 1900 et
1012 1852 1070 1902 ex-

106 1937 280 2006 terioribus
304 1939 565 2024 occupationibus
589 1959 622 2008 se
646 1941 723 2008 dare
747 1959 807 2026 pro
831 1941 974 2028 eorporis
990 1940 1069 2008 rele-

105 2044 242 2112 vatione.
266 2046 309 2112 lu
335 2046 405 2125 hoe,
429 2047 518 2113 salvo
542 2047 658 2113 saniori
683 2047 826 2126 oonsilio,
849 2048 976 2115 ridetur
1000 2065 1070 2116 oon-

107 2152 278 2220 sulendnrn
304 2152 399 2219 nirnis
423 2152 593 2232 debilibus,
627 2153 713 2239 quod
750 2154 911 2222 interdum
936 2161 1071 2242 possunt

109 2274 144 2324 se
169 2258 289 2325 utiliter
313 2258 504 2326 subtrahere
525 2277 543 2324 a
567 2258 673 2324 studio
698 2258 874 2327 devotionis
897 2268 929 2326 et
952 2268 1067 2327 conatu

107 2365 238 2451 proprio
263 2382 324 2430 non
349 2365 388 2431 ad
414 2365 474 2431 hoo
498 2365 625 2443 instare,
651 2371 686 2431 ut
720 2367 810 2451 quasi
847 2367 1069 2453 extorquendo

107 2471 291 2557 exprimant
314 2471 490 2538 devotionis
521 2471 681 2550 allectum,
706 2474 781 2558 quia
816 2472 888 2539 talis
913 2473 1070 2539 uiolentus

110 2585 243 2644 conatus
266 2576 411 2645 debilitat
433 2577 527 2644 etiarn
553 2577 734 2646 validiores.
760 2579 789 2644 Si
814 2587 920 2664 eutem
939 2580 1006 2647 sine
1023 2579 1069 2645 la-

106 2684 235 2752 borioso
259 2692 374 2751 conatu
398 2685 491 2751 offert
514 2701 547 2751 se
571 2685 674 2769 gratia
697 2692 729 2751 et
745 2685 860 2770 ingerit
877 2703 910 2752 se
926 2685 988 2752 illis
1005 2703 1067 2752 non

108 2792 263 2876 quaesita,
299 2809 356 2858 neo
387 2790 535 2858 obiiciant
569 2809 639 2858 earn
676 2808 735 2858 neo
758 2792 886 2858 ornnino
910 2799 991 2860 totos
1014 2791 1069 2858 inr-

108 2906 254 2982 mergant
278 2916 312 2964 se
335 2897 375 2978 ei,
399 2897 539 2964 maxime
575 2898 600 2965 si
637 2898 842 2964 vehementer
866 2916 906 2965 ex
931 2901 991 2966 hoe
1014 2898 1069 2966 de-

106 3002 224 3069 bilitari
260 3021 294 3072 se
329 3005 476 3084 sentiant,
500 3004 555 3070 sed
587 3011 762 3090 temperate
797 3013 829 3071 et
864 3005 894 3071 in
929 3005 1068 3091 quedam

12 3135 13 3142 ¹
108 3110 240 3196 spiritus
265 3109 410 3178 libertate
433 3109 678 3196 superficialiter
701 3110 728 3176 ei
755 3110 958 3190 inhaereant;
978 3111 1070 3178 iuxta

109 3217 229 3284 illuu²:
254 3217 316 3284 Mel
339 3217 504 3296 invenisti,
528 3218 658 3283 remella
682 3218 771 3305 quod
793 3217 916 3306 suffieit
940 3217 1009 3297 tibi,
1035 3217 1068 3286 id

108 3332 166 3404 est,
182 3325 268 3410 quod
289 3325 373 3416 satis·
389 3333 436 3391 est
461 3325 550 3391 iuxta
573 3325 691 3390 ‘ririnrn
717 3333 847 3392 tuarum
875 3342 1068 3392 mensuram.

110 3430 222 3498 Utilius
246 3432 330 3498 enirn
354 3439 403 3498 est
425 3431 465 3497 ed
492 3431 602 3496 horam
629 3432 858 3516 temperantius
881 3431 944 3498 lrui
969 3432 1070 3518 gratia

179 3556 187 3590 ¹
208 3555 272 3623 Cep.
293 3557 321 3622 3,
339 3557 382 3608 l8.
662 3553 673 3586 ²
693 3555 770 3609 Prov.
789 3555 832 3620 25,
852 3557 895 3610 lli.
