2792 4318
326 232 389 296 lma
664 245 752 292 uinea
777 241 947 291 sccundus.

323 352 490 422 contrariis
513 360 678 429 curantur,
703 350 746 415 ita
771 349 846 414 vitia
869 349 1035 416 contrariis
1051 347 1253 416 exercitiorum
1347 413 1348 416 ,

324 460 473 528 remediis
496 464 659 536 sanantur,
691 465 726 523 ut
758 455 908 542 superbia
932 441 1162 534 humiliatione,
1192 451 1254 539 gula

324 567 503 646 sobrietate,
527 563 722 650 impatientia
746 562 948 643 adversitate,
972 563 1069 630 etsie
1092 559 1256 629 deceteris.

635 777 818 884 Cnrrruumu
841 775 969 842 XXXIV.

481 991 527 1056 De
549 988 749 1075 specialibus
773 987 931 1086 remediis
954 987 1122 1054 uitiorum.

411 1204 500 1270 Nunc
524 1220 600 1288 ergo
623 1203 662 1270 de
686 1201 886 1288 specialibus
910 1202 1108 1288 singulorum
1130 1199 1263 1266 vitiorum

323 1311 474 1379 remediis
498 1310 690 1388 videndum;
715 1327 796 1394 quae
832 1311 858 1376 si
882 1327 943 1378 uon
972 1310 1079 1376 omnia
1111 1319 1265 1394 possumus

323 1417 404 1484 scire
427 1417 478 1484 vel
502 1415 695 1496 describere,
719 1433 821 1501 pauca
845 1421 950 1482 tamen
974 1416 1014 1482 de
1037 1415 1182 1500 pluribus
1203 1428 1265 1478 con·

323 1525 512 1602 sideremus,
537 1524 619 1590 siout
642 1539 811 1609 pauperes,
843 1524 897 1607 qui
921 1540 983 1588 non
1008 1529 1140 1609 possunt
1162 1517 1265 1586 multas

323 1631 554 1698 medicinarum
578 1631 779 1697 diversitates
802 1638 833 1697 et
856 1627 999 1697 efficaces
1029 1629 1158 1708 babere,
1184 1621 1265 1692 confi·

323 1738 411 1805 ciunt
434 1737 493 1804 sibi
517 1737 558 1804 de
580 1737 698 1804 vilibus
722 1737 832 1804 barbis
848 1745 1020 1822 unguenta,
1037 1737 1154 1823 quibus
1170 1731 1266 1801 liniant

324 1850 355 1908 et
378 1842 497 1908 leniant
520 1842 647 1908 dolores
669 1859 754 1908 suos.

643 2053 825 2120 Carinunuu
848 2053 964 2121 XXXV.

527 2265 609 2333 Tria
631 2275 711 2332 saut
733 2267 882 2334 remedia
904 2265 1090 2352 superbiae.

416 2482 443 2545 l.
469 2480 609 2546 Primum
634 2477 811 2565 superbiae
835 2479 1014 2546 remedium
1038 2485 1087 2546 est
1110 2477 1270 2546 considera·

324 2585 367 2654 tio
390 2587 538 2672 propriae
562 2587 690 2654 vilitatis
715 2586 827 2653 tamin
851 2603 985 2672 corpore
1001 2604 1097 2672 quam
1116 2587 1148 2652 in
1168 2583 1269 2658 anima,

323 2699 388 2760 tarn
421 2692 515 2772 illius,
547 2711 629 2780 quae
660 2693 750 2760 nabis
784 2711 858 2760 cum
883 2693 997 2761 ceteris
1020 2693 1266 2766 communisset

323 2818 419 2886 quam
445 2799 540 2880 illius,
563 2817 659 2886 quam
678 2801 708 2866 in
733 2799 824 2868 uobis
847 2799 1052 2885 singulariter
1082 2798 1270 2886 agnoscimus

324 2906 355 2973 im
373 2907 497 2974 occulto
521 2906 570 2973 vel
595 2906 626 2972 in
649 2913 770 2992 aperto,
794 2906 861 2973 sive
878 2907 919 2973 sit
935 2907 1099 2985 naturalis,
1116 2907 1183 2973 sive
1203 2899 1271 2972 acci·

324 3013 468 3081 dentalis
493 3012 664 3080 Considera
687 3011 823 3080 vilitates
847 3019 879 3079 et
902 3012 1101 3080 infirmitates
1125 3009 1272 3098 corporis:

324 3120 401 3206 quid
426 3119 557 3200 luimus
581 3120 740 3206 quomodo
763 3120 916 3205 concepti,
951 3119 1112 3205 quomodo
1136 3120 1167 3185 ln
1190 3125 1271 3185 utero

324 3227 436 3294 nutriti
460 3234 491 3293 et
513 3227 596 3307 nati;
620 3226 696 3314 quid
733 3245 846 3294 sumus
882 3226 1073 3294 intrinsecus
1109 3227 1170 3293 sub
1192 3231 1273 3298 cute;

326 3351 408 3420 qnae
442 3333 553 3400 sordes
588 3333 747 3400 ebulliunt
777 3351 834 3419 per
858 3342 1047 3418 aperturas;
1072 3350 1168 3419 quam
1192 3328 1273 3398 lacile

325 3440 458 3526 deperit,
483 3440 637 3527 quidquid
664 3440 694 3508 in
720 3440 810 3507 nobis
833 3439 983 3525 pulcrum
1008 3445 1040 3506 et
1062 3439 1203 3506 validum
1229 3452 1274 3520 ap·

324 3554 431 3633 paret;
455 3547 539 3633 quod
565 3564 651 3613 mors
678 3563 804 3631 semper
821 3547 1022 3634 propinquat,
1038 3552 1069 3613 et
1085 3545 1196 3634 quales
1210 3548 1274 3632 post
