2792 4318
274 169 315 234 66
612 185 700 230 uvenn
725 183 897 230 sucuuuus.

272 288 349 375 qnid
367 288 473 374 potius
489 287 598 374 eligat;
615 288 769 374 incipiens
785 295 833 354 est
850 293 881 354 et
899 286 1040 374 nondum
1058 286 1248 372 proficiens.

271 396 337 464 Stel
361 403 467 464 lamen
491 403 671 464 constanter
697 396 727 460 in
752 397 835 461 bone
859 393 1022 460 voluntate
1038 401 1070 459 el
1086 392 1248 472 attendat,

271 522 377 590 quere
402 503 523 570 venerit
546 511 578 569 el
600 502 648 568 od
667 501 759 589 quid,
783 509 815 568 el
839 519 920 585 opus
943 500 1055 584 iungat
1073 500 1249 578 voluntati,

271 615 302 674 el
325 609 387 676 cito
410 608 539 694 incipiet
562 608 671 674 videre
695 608 790 687 viam,
814 626 878 694 qua
901 615 1014 694 pergat
1037 607 1078 672 ud
1105 607 1224 673 Deum.

637 819 820 887 cinnomo
845 821 865 886 l.

330 1035 484 1116 Quietum·
506 1041 597 1112 suut,
621 1032 657 1098 iu
681 1032 802 1119 quibus
825 1032 905 1098 novi
933 1040 963 1098 et
986 1031 1182 1118 incipientes

584 1139 681 1206 cauti
702 1159 771 1205 ecce
793 1138 915 1206 debent.

365 1355 393 1418 l.
418 1354 563 1437 Quutuor
586 1359 693 1420 eutem
710 1360 795 1429 sunt,
812 1353 843 1418 in
866 1353 985 1439 quibus
1007 1352 1081 1418 novi
1106 1361 1139 1419 et
1163 1352 1247 1420 inci-

273 1461 395 1546 pientes
419 1459 503 1526 ceuti
527 1458 644 1526 dehent
667 1477 746 1536 esse,
783 1459 807 1526 sl
833 1460 946 1526 volunt
969 1458 1142 1545 proficere:
1175 1461 1244 1544 pri·

273 1585 373 1646 mum,
398 1577 434 1632 ut
456 1566 497 1632 eb
521 1565 575 1632 illc
599 1566 772 1646 voluntate,
804 1584 868 1652 qua
891 1567 931 1633 ad
966 1565 1157 1652 Religionem
1191 1584 1247 1634 ve·

273 1681 401 1754 nerunt,
424 1682 455 1740 et
479 1692 497 1738 a
522 1673 625 1758 primu
649 1672 821 1740 novitiatus
837 1673 963 1739 lervove
985 1691 1045 1738 non
1067 1680 1245 1757 tepescant,
1320 1759 1329 1770 “

276 1781 358 1848 sicut
392 1781 520 1847 cuidam
549 1780 579 1844 in
611 1779 820 1864 Apocalypsi¹
846 1779 1100 1864 improperatur:
1125 1777 1245 1846 Habeo

275 1886 634 1974 concrememur
660 1886 838 1952 ceritatem
868 1886 1017 1970 primum
1050 1885 1224 1974 reliquisti
1230 1910 1245 1964 ,-

275 2001 471 2082 quapropter
493 1993 728 2080 poeniteutiam
752 2012 815 2080 ege
841 2000 870 2058 et
899 1992 1015 2077 prime
1043 2011 1146 2078 opero
1168 1991 1245 2079 fac.

278 2101 458 2169 Ueritatem
482 2101 633 2186 primum
656 2099 939 2187 relinquentem,
962 2117 1036 2166 cum
1054 2100 1159 2184 primo
1175 2101 1245 2166 sint

275 2209 434 2275 ferventes
457 2217 489 2274 et
512 2206 618 2273 devoti
642 2206 681 2272 cd
705 2206 823 2286 oinnia,
840 2214 949 2291 postea
967 2206 1064 2293 tepidi
1087 2205 1192 2273 effecti
1210 2216 1246 2274 et

274 2315 410 2392 desides,
435 2315 566 2380 tradunt
590 2330 623 2380 se
648 2312 840 2392 levitatibus,
864 2320 896 2379 el
919 2312 1006 2392 vitia,
1029 2330 1112 2399 quae
1135 2330 1246 2398 expu-

274 2439 371 2507 gnare
397 2428 558 2500 venerant,
581 2421 771 2506 permittunt
795 2419 853 2485 sibi
871 2418 1040 2499 dominari,
1064 2422 1247 2488 servientes

274 2527 339 2594 Deo
364 2546 421 2612 pro
445 2545 504 2594 suo
529 2526 632 2606 libitu,
656 2545 718 2592 non
744 2544 802 2612 pro
825 2526 895 2592 eius
911 2525 1111 2612 beneplacito
1131 2525 1246 2593 volun·

275 2635 364 2711 tatis;
389 2635 474 2701 unde
498 2634 653 2700 Dominus
676 2633 750 2700 lillis
766 2633 861 2699 lsrael
880 2634 1043 2719 praecepit
1057 2632 1085 2699 ¹:
1103 2633 1246 2699 Memen-

276 2749 337 2806 tote
361 2740 427 2806 dr'ei
450 2738 564 2816 huius,
590 2740 622 2805 iu
648 2759 716 2827 pcto
748 2738 874 2826 egressi
904 2739 982 2804 estis
1013 2739 1053 2805 de
1081 2741 1246 2828 Aegypto.

275 2847 359 2926 Dies,
391 2865 455 2932 qua
486 2846 525 2913 de
556 2847 694 2932 Aegypto
725 2846 920 2932 egredimur,
945 2854 993 2913 est
1017 2847 1099 2912 bona
1131 2844 1247 2914 volun·

275 2964 333 3032 tas,
357 2974 421 3040 qua
444 2954 613 3021 educimur
637 2954 677 3021 de
701 2954 838 3020 saeculo.
862 2952 962 3020 Huius
978 2970 1106 3039 semper
1128 2955 1246 3022 memi-

275 3061 364 3128 nisse
388 3060 554 3140 debemur,
578 3068 614 3127 ul
636 3077 655 3126 e
678 3060 804 3127 lervoce
828 3058 915 3125 illius
944 3077 1108 3145 nunquam
1141 3068 1246 3130 retro

275 3167 437 3232 cedamus.
464 3166 549 3234 Unde
573 3165 715 3250 quidem,
747 3164 858 3231 volens
890 3163 1082 3250 Religionem
1115 3165 1244 3250 ingredi

276 3270 316 3338 de
332 3272 470 3351 saeculis,
486 3270 675 3357 quaesivite
691 3270 829 3356 quodam
844 3278 953 3337 sancto
966 3271 1067 3350 Patre,
1079 3272 1246 3357 quomodo

278 3377 384 3444 vivere
407 3378 547 3446 deberet.
567 3377 770 3445 millenum
793 3377 838 3444 ei:
869 3403 885 3436 o
902 3377 990 3456 Vide,
1014 3378 1120 3464 qualis
1137 3380 1246 3464 primo

347 3503 357 3532 ¹
377 3502 442 3570 Cup.
463 3507 487 3570 l,
509 3505 533 3558 l.
552 3520 607 3573 seq.
830 3501 941 3558 ’lived
962 3505 1004 3571 l3,
1023 3505 1048 3557 3.
