2792 4318
263 266 305 314 nn
328 265 569 316 neronnnmone
592 267 722 317 uoatms
745 269 928 319 tmemoms.
1035 255 1077 320 85

112 372 256 438 tertium.
283 371 474 458 Exemplum
501 373 712 441 Ezechielis¹:
739 377 779 440 Et
809 373 923 461 platea
946 384 1019 442 crat
1043 376 1079 443 ia

109 478 297 544 rotundam
321 479 502 545 ascendens
535 499 674 545 saraam
694 499 757 566 per
780 478 958 560 cochleam,
990 490 1020 548 et
1043 481 1079 549 ia

109 583 328 651 coenaculum
354 585 467 671 templi
499 583 666 673 deserebat
693 605 756 672 per
785 606 920 676 pyram.
946 587 1077 655 Idcirco

109 690 217 758 latias
236 700 311 758 erat
330 691 486 778 templum
511 692 546 759 la
568 692 801 779 superioribas
808 718 821 772 ,·
844 702 873 760 et
895 694 945 760 sio
969 693 1008 761 dc
1031 693 1078 761 in·

108 795 298 884 serioribas
321 799 563 868 ascendebatur
586 801 634 866 orl
655 801 835 886 superiora
860 801 896 868 la
919 802 1075 870 medium.

471 1012 655 1080 Generatim
679 1014 713 1079 V.

147 1222 277 1288 Anima
302 1219 398 1290 labet
420 1231 486 1290 tres
506 1226 684 1310 potentias,
708 1225 830 1314 quibas
854 1235 1037 1312 capescat

193 1329 278 1396 Dei:
302 1329 480 1410 rationem,
503 1333 701 1399 memoriam
725 1343 755 1399 et
776 1333 986 1400 volantatem.

203 1545 232 1608 l.
258 1542 428 1610 Rationalis
450 1553 558 1611 autem
582 1545 715 1631 spiritus
739 1553 787 1612 est
811 1546 915 1631 imago
930 1563 1075 1612 summae

106 1649 285 1728 Trinitatis,
302 1643 340 1716 ‘et
357 1651 440 1717 sicut
456 1651 540 1718 [leus
556 1661 604 1718 est
620 1652 724 1720 trinus
740 1659 772 1719 et
788 1669 882 1730 tinus,
899 1653 942 1718 ila
958 1652 1074 1731 anima,

107 1775 184 1824 cum
211 1757 253 1823 sit
276 1775 350 1835 una,
375 1757 471 1824 habet
494 1766 559 1826 tres
583 1761 748 1844 potentias,
773 1757 891 1845 quibus
907 1776 1010 1844 capax
1026 1765 1074 1826 est

105 1863 177 1942 Dei,
201 1863 323 1930 scilicet
346 1857 510 1943 rationem,
535 1865 722 1932 memoriam
746 1872 778 1932 el
794 1865 999 1931 volontatem.
1017 1864 1075 1932 Per

105 1969 267 2036 rationem
293 1978 404 2055 potens
427 1977 475 2038 est
497 1987 611 2055 capere
635 1971 822 2057 sapientiam
841 1971 913 2050 Dei3
939 1988 995 2057 per
1014 1987 1076 2038 me·

105 2075 245 2141 moriam
271 2083 383 2162 potens
406 2085 454 2144 est
477 2095 591 2163 capere
615 2079 767 2144 virtutem
793 2077 988 2144 aeternitatis
1008 2075 1075 2156 Dei,

105 2192 146 2251 ut
170 2184 202 2249 in
227 2192 392 2249 aeternnm
418 2201 582 2270 nunqnam
607 2185 648 2251 ab
672 2201 710 2251 eo
727 2185 824 2268 possit
840 2185 1000 2269 separari;
1018 2201 1075 2269 per

105 2291 308 2358 voluntatem
333 2297 444 2377 potens
467 2300 515 2358 est
538 2309 653 2377 capere
678 2290 848 2357 bonitatem
865 2291 932 2358 Dei.
956 2289 999 2356 Ne
1019 2290 1075 2376 igi-

104 2406 163 2466 tur
187 2397 289 2463 otiosa
313 2397 354 2465 sit
379 2398 408 2463 in
442 2399 548 2464 anima
580 2404 666 2464 tanta
695 2396 871 2464 similitudo
893 2397 933 2463 ad
963 2397 1075 2476 Deum,

104 2522 167 2591 per
192 2521 289 2589 quam
314 2522 415 2589 capax
440 2505 509 2571 eius
532 2511 590 2583 est,
608 2513 672 2570 toto
689 2504 761 2571 nisu
778 2504 905 2570 studeat
927 2521 1001 2570 eum
1019 2521 1075 2589 ap

104 2609 322 2697 prehendere,
347 2619 383 2677 ut
407 2627 480 2677 eum
506 2611 641 2677 tenenda
666 2609 874 2689 beatificetur,
896 2609 971 2695 quia
996 2609 1075 2676 citra

106 2718 215 2785 Deum
240 2716 320 2783 nihil
344 2725 448 2802 potest
463 2717 587 2784 animae
604 2715 761 2796 sufficere,
777 2723 809 2783 el
824 2734 862 2783 eo
878 2715 996 2796 habito,
1012 2733 1075 2782 non

104 2831 157 2892 est
181 2823 268 2908 qaod
294 2823 379 2890 ultra
403 2824 556 2909 requirat,
579 2842 652 2891 cum
678 2823 794 2890 haheat
817 2841 920 2902 omne,
944 2822 1072 2909 quoad

105 2938 274 2997 aeternam
298 2930 478 2998 felicitatem
497 2931 625 3016 indiget,
641 2937 672 2998 et
689 2949 752 3016 quo
770 2931 848 2997 nihil
873 2930 988 2997 melius
1004 2947 1074 2997 esse

105 3043 224 3122 potest,
248 3044 279 3102 et
303 3035 335 3102 in
359 3055 423 3123 quo
445 3036 556 3103 nullos
580 3036 722 3104 deiectus
745 3044 793 3103 est
816 3037 919 3103 omnis
943 3036 1026 3102 honi.

199 3143 230 3207 i.
255 3141 333 3208 Cum
357 3159 434 3226 ergo
458 3159 586 3210 summa
608 3142 745 3227 dignitas
767 3143 892 3208 animae
912 3141 962 3220 sit,
986 3141 1072 3227 qood

105 3257 157 3316 est
181 3267 284 3334 capax
309 3250 426 3316 summi
452 3249 537 3329 boni,
566 3258 597 3315 et
625 3267 752 3316 summa
782 3248 903 3315 utilitas
931 3248 1001 3314 eius
1033 3250 1073 3314 sit

106 3355 212 3423 Deum
238 3355 269 3421 in
293 3373 328 3422 se
352 3355 471 3423 habore
494 3363 526 3424 et
549 3374 622 3423 cum
647 3357 717 3441 ipso
739 3373 833 3421 omne
854 3355 991 3433 honum;
1015 3373 1073 3423 nee

106 3461 239 3546 dignius
262 3459 382 3547 aliquid
407 3461 533 3547 quaerit
564 3478 622 3528 nec
653 3459 765 3527 utilius
801 3459 990 3540 insanitas
1015 3478 1074 3546 per

181 3583 191 3614 ²
211 3583 276 3650 Cep.
295 3583 336 3652 lt,
356 3583 383 3638 7.
