819 1202
511 62 753 82 ”W

210 120 232 136 38
392 124 436 136 uene
448 124 510 136 ruimus.

365 172 457 189 CArrruum
470 172 534 199 xxvut.

321 212 344 229 De
354 212 402 229 mula
414 212 488 229 libertate
500 212 580 229 cavenda,

253 257 324 274 Tandem
333 257 353 274 ad
360 257 390 274 hoc
397 257 426 274 ista
433 257 474 273 mala
481 256 546 274 libertas
552 256 629 274 dilatatur
635 259 651 274 et
658 262 695 279 prn-

209 283 247 304 fleit,
259 285 277 301 ut
288 284 324 304 hec,
336 283 378 305 quod
390 288 399 300 a
408 283 482 305 pluribus
495 283 549 300 vident
557 283 597 303 lieri,
605 284 651 305 qnasi
663 289 694 306 pro

209 310 243 332 lege
255 312 271 327 et
283 315 312 332 pro
320 310 355 327 iure
363 310 428 327 Ordinis
436 310 522 327 defendant
526 317 531 330 3
539 310 575 327 etsi
584 310 620 332 quis
628 313 693 327 contra-

209 337 251 354 rium
260 337 320 354 dixerit
328 339 356 354 aut
368 337 425 354 docere
437 337 520 358 arguendo
528 337 649 359 praesumserit,
660 337 694 354 sin-

209 363 298 386 gularitatis
310 365 326 381 et
333 364 451 385 superstitionis
460 364 575 385 improperium
584 364 667 384 sustineat,
676 366 693 381 et

208 391 253 412 quasi
266 391 293 412 qui
306 395 365 407 novum
378 390 454 407 Ordinem
466 392 482 407 et
500 390 581 407 insolitum
593 395 654 407 morem
668 391 693 408 iu-

208 417 267 434 ducere
279 417 323 437 velit,
335 419 352 434 nt
364 417 426 434 delirus
437 419 453 434 et
462 421 512 433 vanus
521 417 607 434 irrideatur
615 419 631 434 et
639 417 692 434 omni-

208 444 239 461 bus
250 444 278 461 fiat
289 448 367 461 onerosus
379 445 395 461 et
407 446 486 465 tanquam,
492 443 587 460 temerarius
596 444 646 461 iudex
654 444 693 461 alio-

208 475 244 488 rum
262 473 327 487 actuum
346 471 465 492 persecutiones
482 470 592 487 amarissimas
607 470 691 487 sustineat.

207 497 270 514 Timent
281 498 323 514 enim
336 497 398 514 distorti
409 499 425 514 et
436 502 446 514 a
458 497 483 514 via
495 497 522 514 Dei
537 497 652 517 exorbitantes,
665 502 691 517 ne,

207 523 220 540 si
233 525 317 545 pareerent
328 524 417 540 zelantibus
429 528 459 545 pru
470 524 531 540 iustitia
542 525 558 540 et
571 523 655 545 Religionis
667 524 691 540 di·

207 550 278 572 sciptum,
294 550 353 567 multos
369 550 388 567 ad
401 553 463 572 partem
476 555 521 567 suain
535 550 622 570 traherent,
636 552 652 567 et
668 551 691 567 ita

207 576 283 598 paulatim
296 577 316 594 ad
328 577 393 594 Ordinis
400 577 518 594 observantiam
527 577 575 594 etiam
584 577 614 599 ipsi
622 577 688 594 tandem

207 606 308 625 cogerentur,
319 606 335 621 et
350 606 446 626 praecavent
461 604 579 624 ardentissime,
590 608 610 621 ue
626 604 646 621 ad
659 604 690 622 hoc

207 631 306 652 perveniant,
317 633 333 648 et
344 631 375 648 sub
386 631 439 652 specie
451 630 566 652 singularitatis
574 631 690 652 exstirpandae

207 657 272 674 eiiciunt
283 662 293 674 a
305 662 322 674 se
334 657 370 674 illes
381 659 397 674 et
409 657 507 679 opprimunt,
519 657 547 679 qui
559 657 652 674 desiderant
661 658 690 674 Re—

206 683 280 705 ligionem
292 684 313 701 ad
325 686 384 701 statum
396 684 469 701 debitum
479 684 571 701 reformare.
580 684 626 705 Quod
634 684 690 701 viden-

206 712 230 727 tes
237 710 269 730 alii,
277 710 336 732 quibus
345 710 375 727 hoc
381 710 459 733 displicet,
465 710 536 732 aliquam
543 711 593 728 bonae
602 710 690 728 voluntatis

205 736 290 754 scintillam
303 737 384 757 habentes,
396 737 424 754 sed
437 739 490 754 tamen
504 737 590 757 infirmam,
606 739 690 754 terrentur

205 766 221 780 et
233 763 285 785 potins
297 763 362 780 student
373 768 390 780 se
402 763 434 780 illis
443 764 549 783 conformare,
556 768 597 785 quos
605 764 689 781 fortiorem

204 792 267 811 partein
279 789 339 807 habere
355 790 409 807 vident
426 790 442 807 in
460 790 562 807 multitudine
579 792 595 807 et
612 791 689 812 potentia,

205 821 253 838 quani
265 816 324 838 eligant
336 821 373 833 oum
385 817 420 833 istis
428 816 502 833 tribulari
510 819 526 834 et
534 817 600 839 insuper
608 817 689 837 infamari,

205 843 251 860 iuxta
262 843 323 860 illnd¹:
337 843 356 860 Et
368 843 398 865 qui
409 843 476 860 recem!
488 848 499 860 α
511 843 556 860 malo
566 843 642 865 praedae
656 848 689 865 pa-

205 870 241 887 tuit,
253 870 293 887 llaec
305 870 358 887 omnia
370 870 432 892 experti
445 870 505 888 fuimns
517 868 536 887 in*
542 870 602 888 Ordine
613 870 661 892 nigro
672 873 689 888 et

204 896 220 913 in
232 896 272 913 aliis.
284 896 368 918 Nunquam
380 899 434 914 autem
446 897 532 919 contingat,
540 899 610 914 nestram
620 897 689 919 Religio-

203 927 240 940 nem
252 923 272 940 ad
284 925 343 941 statum
356 924 424 941 similem
437 924 532 946 perveniret

239 954 244 962 ¹
254 954 283 968 ini.
292 955 314 972 5⁹,
324 955 345 968 15,
