2792 4318
295 227 337 292 30
656 240 745 288 cmm
769 238 894 286 ruimus.

294 348 371 428 cias,
393 347 461 426 sed,
484 347 627 414 invocato
651 345 773 412 auxilio
796 345 863 425 Dei,
894 350 991 431 prout
1014 343 1130 411 melius
1160 361 1265 430 expe-

294 453 365 520 dire
388 451 565 520 secundum
591 451 692 518 Deum
717 449 878 535 intelligis,
901 449 995 517 stude
1023 448 1137 516 lacere.
1164 449 1199 514 ιιι
1234 449 1264 516 si

294 559 376 626 hene
399 557 598 637 successerit,
622 557 687 624 Deo
709 556 849 640 adiutori
874 557 957 624 refer
980 556 1108 640 gratias,
1139 563 1172 622 et
1195 554 1266 621 noli

294 665 417 745 extolli,
440 664 516 751 quia
539 682 602 730 nou
626 670 757 750 propter
782 670 821 742 te,
838 663 894 730 sed
920 664 1020 748 magis
1036 669 1169 749 propter
1184 661 1268 729 alio

296 790 369 840 rum
392 771 551 838 orationes
581 777 613 836 et
638 770 751 836 merita
774 769 909 854 gratiam
940 768 997 835 tihi
1021 768 1127 835 damm
1161 768 1268 836 debes

295 877 473 945 aestimare.
490 876 521 942 Si
544 882 652 942 autem
670 875 776 942 minus
799 875 879 941 bene
895 873 1093 954 successerit,
1110 874 1174 941 noli
1191 881 1269 940 tur-

295 983 365 1051 bari
389 999 447 1050 nec
471 981 595 1067 pudore
611 980 772 1060 conlundi,
796 980 851 1047 sed
869 979 989 1065 gratias
1012 980 1076 1047 Deo
1094 981 1187 1060 refer,
1204 982 1266 1067 qui

296 1090 341 1156 sic
365 1095 396 1156 te
419 1088 461 1154 ah
484 1087 619 1155 elatione
643 1086 794 1154 defendit.
825 1085 897 1152 Sive
927 1092 1035 1153 aulem
1067 1086 1157 1167 hene,
1192 1088 1265 1154 sive

295 1195 402 1262 minus
426 1195 507 1261 hene
530 1194 729 1273 successerit,
754 1192 861 1260 statim
893 1192 937 1259 sic
961 1203 991 1259 te
1023 1192 1141 1260 haheas
1173 1193 1265 1261 intus

294 1308 326 1367 et
349 1299 504 1379 exterius,
527 1298 591 1365 acsi
615 1316 676 1364 noo
701 1297 825 1366 leceris.
850 1296 971 1365 Laudet
987 1303 1017 1365 te
1040 1299 1095 1384 qui
1114 1298 1193 1379 rull,
1209 1299 1265 1366 vel

295 1406 458 1493 despiciat,
482 1404 559 1490 quid
585 1404 626 1470 ad
650 1410 703 1472 tel
727 1405 774 1470 l'u
798 1410 883 1484 taem
908 1404 1132 1473 excusationes
1162 1407 1264 1472 eliam
1387 1493 1388 1496 Ἴ

295 1519 327 1579 et
350 1511 576 1591 recusationes,
599 1510 728 1596 quando
752 1509 907 1578 dehemus
942 1509 1049 1596 aliqua
1072 1511 1263 1579 huiusmodi

295 1615 409 1697 lacere,
433 1615 473 1682 ad
500 1616 558 1682 hoc
582 1614 768 1700 saepissime
791 1615 882 1695 liunt,
899 1632 938 1682 ne
962 1615 1179 1701 despiciamur
1201 1634 1264 1684 nec

294 1723 530 1810 praesumtucsi
554 1722 734 1789 iudicemur
757 1722 811 1808 qul
836 1721 912 1788 talia
934 1722 1101 1790 audemus.

385 1832 415 1895 ι.
440 1829 528 1896 Unde
552 1829 679 1896 videtur
703 1845 773 1895 esso
796 1830 911 1915 purius
933 1836 965 1896 et
996 1829 1152 1898 humilius
1183 1831 1265 1898 sim-

295 1933 420 2020 plicitur
443 1934 547 2002 lacere
578 1934 663 2021 quod
695 1941 743 2000 est
773 1933 964 2015 laciendum,
996 1935 1047 2002 vel
1078 1936 1265 2004 ohedientia

296 2039 425 2106 iubente
449 2039 499 2106 vel
524 2039 654 2107 caritate
678 2040 857 2124 instigante.
873 2040 905 2106 Si
929 2039 1031 2126 placet
1053 2041 1135 2122 aliis,
1158 2042 1263 2124 bene;

296 2145 322 2212 si
346 2163 420 2225 non,
444 2143 521 2230 quid
545 2149 594 2211 est
617 2149 692 2211 tunc
717 2143 898 2230 perditum?
921 2143 1010 2226 Nam,
1026 2164 1099 2213 cum
1124 2156 1263 2233 oportet,

295 2258 326 2317 te
350 2250 536 2336 praedicare
553 2250 602 2317 vel
626 2250 729 2317 simile
745 2250 859 2330 facere,
875 2249 961 2338 quod
983 2252 1102 2339 aliquid
1129 2253 1264 2324 honoris

295 2355 442 2422 videatur
466 2356 595 2437 hahere,
619 2357 645 2423 si
677 2356 904 2437 benefeceris,
936 2359 1061 2427 lucrum
1088 2359 1187 2428 hahes
1219 2361 1263 2429 de

295 2461 441 2546 profectu
466 2461 584 2528 lahoris
607 2462 670 2540 tui;
695 2462 721 2530 si
746 2462 853 2530 minus
872 2464 963 2546 hene,
987 2465 1103 2534 iterum
1121 2466 1263 2536 lucraris

295 2567 446 2636 meritum
470 2568 699 2636 humiliationis
723 2576 807 2649 tuae,
831 2576 863 2637 et
893 2577 963 2656 post
995 2571 1055 2640 hoc
1078 2573 1186 2642 minus
1217 2576 1263 2643 ad

293 2670 479 2739 huiusmodi
493 2672 615 2758 cogeris
627 2673 668 2740 ah
680 2673 754 2754 illis,
767 2675 885 2761 quihus
898 2693 959 2742 non
972 2676 1129 2764 placuisti.
1141 2679 1264 2749 Omnes

294 2794 408 2845 sumus
431 2777 624 2846 alterutrum
656 2779 803 2865 expositi,
835 2788 871 2848 ut
900 2782 982 2850 altor
1012 2783 1105 2852 alteri
1136 2784 1264 2871 placeat

294 2881 345 2950 vel
369 2882 535 2968 displiceat
543 2908 553 2963 ;
576 2883 663 2952 unde
687 2902 760 2952 eum
785 2884 816 2952 in
841 2903 912 2953 mea
934 2906 997 2954 oon
1021 2889 1061 2956 sit
1093 2897 1262 2976 potestate,

293 2994 330 3054 ut
352 2988 408 3056 tihi
433 2989 586 3076 placeam,
610 2990 666 3057 sed
689 2988 721 3056 in
738 2997 793 3058 tuo
809 2991 943 3060 arbitrio
959 2993 1010 3062 vel
1031 2993 1158 3076 ellectu,
1175 3015 1263 3082 quae

293 3095 350 3162 tihi
374 3096 451 3164 dare
483 3113 545 3162 non
570 3095 679 3176 valeo;
703 3098 729 3166 si
760 3098 900 3166 multum
932 3101 988 3167 tihi
1020 3101 1146 3188 placere
1174 3102 1264 3172 labe

293 3201 381 3282 raho,
414 3201 547 3269 forsitan
572 3202 651 3269 nihil
675 3203 850 3289 proficiam,
873 3206 949 3292 quia
980 3207 1073 3275 aliter
1102 3208 1261 3278 iudicium

292 3313 385 3374 tuum
410 3308 570 3394 dirigitur.
595 3310 630 3377 Et
654 3309 726 3378 ideo
750 3309 830 3378 nihil
864 3311 896 3378 in
927 3313 988 3381 hac
1019 3320 1110 3401 parte
1142 3316 1263 3385 melius

292 3411 396 3493 video,
419 3433 517 3500 quam
541 3423 578 3483 ut
601 3414 659 3482 soli
688 3415 753 3483 Deo
781 3416 909 3485 studeat
940 3419 1036 3486 homo
1067 3420 1194 3507 placere
1226 3429 1262 3492 et

292 3518 478 3602 proximum
503 3539 565 3588 nou
589 3521 805 3590 scandalizare
833 3523 884 3592 rel
915 3524 1051 3594 scienter
1083 3526 1261 3612 prendere,
1385 3553 1386 3616 ῃ
