2738 4316
268 238 313 286 xli
658 240 841 290 PRAEFATIO.

268 347 372 411 incipit:
392 343 425 400 si
441 344 482 400 nis
500 345 530 400 in
548 345 647 417 spirito
670 347 808 420 proficere.
838 349 975 403 Secundus
993 349 1059 402 liber
1078 354 1169 402 tractat
1197 350 1232 404 de

269 434 456 488 reformatione
475 439 577 501 mentis,
596 439 672 490 cuius
701 439 717 489 l.
737 451 798 503 pars
823 439 925 502 incipit:
945 439 977 492 ln
1000 437 1092 506 priori
1107 437 1232 506 formula

267 523 443 592 novitiorum,
464 539 544 592 qnam
564 528 625 580 citat
643 534 668 580 et
687 526 753 579 lthro
767 528 841 580 tertio
861 540 986 593 processu
1000 527 1044 580 Vt.
1063 542 1121 594 cap.
1141 529 1231 598 33(2);

268 615 347 668 attera
368 629 432 668 vero
452 625 516 680 pars
532 617 636 681 incipit:
655 615 735 672 Nunc
753 615 785 670 dc
808 615 981 686 sinceriorum
1006 615 1143 671 uitiorum.
1169 617 1233 669 Ter·

269 703 321 755 tius
339 701 406 754 liber
424 705 480 768 agit
499 703 531 756 de
550 716 675 768 processu
696 703 838 770 Religionis
866 710 892 758 et
920 703 1047 757 dividitur
1073 706 1099 756 in
1128 709 1232 770 septem

268 804 410 856 processus
428 792 589 859 incipitque:
607 791 753 846 Processu:
766 790 936 861 Relipiom's...
953 793 1008 845 Hoc
1027 793 1108 844 modo
1126 791 1234 858 disponi

268 879 427 947 vulgarique
447 879 543 934 dehent
562 875 594 932 in'
607 881 700 934 tuturis
719 881 887 948 editionibus,
907 891 935 935 ut
953 883 1050 936 lactum
1076 888 1115 935 est
1139 885 1166 934 in
1185 896 1233 935 nu·

269 982 332 1034 pera
346 968 459 1022 editione
472 983 514 1022 en.
534 969 603 1022 tini
617 971 642 1022 ln
654 976 747 1022 octavo
761 970 833 1035 apud
852 972 887 1022 io.
900 969 1117 1038 christophorum
1138 971 1234 1023 Bacur-

269 1059 330 1124 lein,
360 1055 533 1124 Constantine,
561 1073 591 1112 ex
619 1072 684 1112 msc.
715 1059 854 1126 Pollingen.
879 1070 905 1112 et
929 1060 1034 1112 Ettalen.
1062 1069 1088 1113 et
1114 1060 1233 1112 hiessen.

269 1147 495 1213 monasteriorum,
516 1161 584 1215 quae
603 1154 689 1201 tomen
708 1148 789 1202 editio
808 1150 922 1201 nonnihit
948 1150 1102 1214 interpolata
1121 1149 1233 1214 legitur,

269 1248 321 1287 non
340 1240 428 1288 autem
448 1237 540 1290 ordine
559 1239 673 1304 inverso,
688 1244 715 1291 ut
728 1238 752 1288 in
766 1236 879 1290 editione
892 1239 1091 1304 antwerpiensi,
1106 1237 1233 1290 Vaticana

269 1324 380 1391 aliisque
398 1324 624 1390 posterioribus».
739 1320 741 1324 '

340 1414 412 1466 Hanc
431 1414 570 1468 Shareleae
588 1418 741 1468 sententiam
755 1423 807 1469 tres
820 1413 924 1469 codices
946 1418 1053 1468 omnino
1067 1415 1234 1482 confirmant,

267 1514 382 1567 quorum
395 1495 464 1554 unus
476 1509 516 1554 est
531 1503 638 1566 homae,
649 1502 920 1566 hihlioth.Barherini,
936 1501 995 1555 cod.
1009 1517 1034 1555 n.
1054 1503 1132 1570 2695,
1147 1505 1235 1556 chart.

269 1603 337 1642 saec.
357 1591 416 1642 XV.
434 1607 448 1643 a
462 1593 511 1643 lota
525 1593 578 1644 200
596 1608 626 1659 a;
640 1592 693 1645 duo
706 1593 748 1644 alil
761 1598 822 1646 sunt
834 1592 950 1658 Neapoli,
964 1591 1084 1646 biblioth.
1096 1592 1236 1657 National,

269 1681 366 1735 scilicet
384 1682 443 1733 cod.
462 1684 531 1747 sign.
550 1682 601 1734 Vll.
621 1683 652 1734 G.
674 1683 716 1736 52.
735 1695 803 1735 saec.
824 1683 893 1736 XlV.
906 1688 965 1736 ante
978 1683 1050 1736 med.
1068 1689 1094 1736 et
1106 1681 1164 1735 cod.
1177 1681 1236 1735 Vll.

269 1769 299 1822 G.
319 1770 361 1821 at.
381 1784 450 1822 saec.
469 1770 527 1822 XV.
546 1768 711 1824 Conveniunt
734 1773 796 1824 satis
820 1772 845 1823 in
875 1778 952 1836 textu,
972 1771 1018 1824 scd
1048 1771 1236 1836 Neapolitanus

270 1860 373 1923 primus
398 1872 449 1910 non
475 1858 554 1912 hahet
581 1872 676 1913 nomen
696 1860 903 1923 Bonaventurae‚
923 1874 983 1914 cum
1008 1861 1039 1912 sit
1067 1873 1235 1925 anonymus:

273 1947 391 2010 «incipit
410 1945 476 1999 liber
495 1947 594 2000 domini
607 1948 806 2002 Bonaventurae
819 1949 924 2003 Ordinis
938 1949 1065 2002 hinorum
1086 1948 1118 2001 de
1137 1948 1237 2013 triplici

269 2034 461 2100 Religiosorum
472 2042 550 2102 statu,
559 2039 656 2091 scilicet
666 2040 853 2104 incipientium,
867 2037 1058 2104 proficientium
1069 2046 1095 2091 et
1106 2039 1237 2103 perlecto·

269 2138 338 2177 rum.
358 2125 498 2191 Prologus:
519 2127 610 2180 Forma
631 2129 790 2181 novitiorum
808 2135 834 2181 et
847 2127 1026 2194 prolessorum
1038 2127 1236 2193 Religiosorum

271 2213 364 2266 dicitur
377 2217 425 2268 iste
438 2214 517 2282 iihar;
530 2222 556 2269 et
569 2217 643 2283 bene,
657 2219 727 2285 quia,
741 2219 762 2270 si
776 2218 920 2270 secundum
935 2217 1080 2270 doctrinam
1090 2218 1116 2268 in
1129 2228 1160 2268 eo
1173 2227 1238 2267 con·

270 2308 367 2357 tentam
380 2306 471 2358 vivere
490 2307 550 2372 quis
568 2307 687 2371 volucrit,
702 2319 765 2360 vere
779 2307 925 2372 Religiosus
937 2307 994 2359 erit.
1007 2307 1078 2358 Sicut
1091 2305 1175 2356 torma
1187 2303 1236 2356 dat

270 2405 329 2445 esse
341 2395 386 2460 rei,
408 2402 434 2446 ut
454 2409 517 2447 vere
536 2397 577 2460 sit,
591 2397 622 2449 ita
637 2396 733 2449 modus
746 2395 863 2461 vivendi,
879 2397 923 2463 qui
936 2397 962 2446 in
977 2397 1027 2447 hoc
1039 2394 1107 2447 lihro
1119 2394 1236 2446 contine·

271 2486 314 2534 tur
326 2488 351 2534 et
369 2481 487 2546 docetur,
505 2483 550 2536 dat
568 2497 625 2536 esse
638 2485 778 2550 Religioso,
793 2490 821 2537 ut
835 2499 896 2537 vere
909 2485 1056 2549 Religiosus
1068 2485 1114 2546 sit:
1127 2489 1152 2534 et
1165 2481 1237 2537 siout

271 2571 327 2624 sine
347 2573 429 2624 torma
449 2585 491 2625 res
509 2587 567 2626 esse
587 2586 637 2625 non
657 2572 743 2640 hahet,
770 2577 807 2627 sie
826 2587 877 2625 non
899 2580 939 2626 est
963 2573 1057 2641 aliquis
1074 2571 1236 2638 Religiosus,

271 2662 320 2712 nlsi
340 2661 494 2729 doctrinam,
514 2676 582 2729 quae
601 2664 626 2714 ln
647 2665 696 2716 hoc
709 2663 776 2717 lihro
790 2665 943 2727 continetur,
957 2661 1089 2714 ohservet.
1101 2659 1236 2714 Dividitur

271 2756 360 2803 autem
379 2750 446 2804 liber
464 2753 512 2804 iste
530 2753 556 2803 in
577 2757 628 2805 tres
647 2751 736 2816 lihros,
749 2752 783 2805 ad
802 2751 1011 2804 intormationem
1025 2751 1131 2816 triplicis
1149 2756 1235 2804 status

271 2839 473 2906 Religiosorum,
486 2841 583 2894 scilicet
602 2842 789 2906 incipientium,
802 2839 994 2904 proficientium
1006 2846 1032 2892 et
1045 2840 1234 2904 perlectorum.

271 2929 374 2982 Primus
392 2927 459 2982 liber
477 2929 571 2982 dicitnr
589 2927 722 2984 Formulo
741 2927 914 2994 novitiorum,
934 2930 959 2980 ln
979 2943 1034 2996 quo
1058 2929 1235 2982 informantur

270 3020 434 3084 incipientes;
455 3019 587 3073 secundus
607 3019 701 3072 dicitur
719 3017 785 3070 liber
803 3016 835 3072 dc
857 3014 1050 3086 reformatione
1072 3015 1177 3082 mentia,
1206 3019 1233 3070 in

272 3121 326 3174 quo
345 3107 517 3162 informantur
537 3109 715 3174 prolicientes;
735 3108 826 3160 tertius
845 3105 940 3159 dicitur
964 3107 1030 3159 tihor
1054 3105 1086 3160 de
1109 3104 1234 3176 profectu

271 3195 476 3266 lielipiosornm,
498 3200 523 3249 tn
543 3211 597 3265 quo
616 3198 789 3250 informantur
808 3195 930 3262 Religiost
949 3196 982 3249 ad
1002 3197 1189 3262 perlectionem
1207 3205 1236 3250 et

272 3287 297 3338 in
318 3287 486 3351 perfectione.
500 3287 607 3348 Primus
625 3286 692 3340 liher
710 3284 837 3339 dividitur
855 3287 880 3338 in
900 3284 967 3339 duas
986 3291 1081 3352 paries,
1101 3293 1127 3338 et
1144 3286 1235 3338 simili·

272 3381 311 3427 ter
329 3374 470 3441 secundus,
489 3381 515 3428 ei
533 3375 652 3440 singulae
671 3380 759 3440 partes
778 3375 803 3427 in
823 3375 934 3440 capitula
954 3373 1122 3440 dividuntur;
1141 3375 1235 3429 tertius

272 3461 338 3516 iiber
356 3461 483 3516 dividitur
502 3464 527 3514 ln
546 3467 648 3527 septem
668 3475 816 3526 processus
836 3462 866 3515 Et
883 3461 993 3531 quidam
1012 3461 1116 3516 illorum
1130 3473 1234 3526 proces

272 3564 318 3605 sus
336 3551 453 3604 similiter
472 3552 498 3603 in
511 3550 624 3616 capitula
644 3550 807 3619 dividuntur,
826 3549 935 3618 quidam
955 3563 1028 3618 vero,
1047 3550 1169 3604 ddellcet
1182 3551 1236 3618 pri·
