2776 4316
228 231 230 234 ’
260 226 325 291 252
614 243 702 292 niano
725 245 867 292 nunnius,

259 349 429 436 obiurgati‚
453 350 502 417 vet
528 350 673 436 discipuli
699 369 717 417 a
742 350 902 436 magistris
926 350 1083 436 castigati.
1108 389 1153 400 —
1171 350 1232 416 Pa·

261 456 369 523 tientia
392 455 529 524 virtutis
553 466 610 539 est,
627 458 668 526 de
685 479 748 545 qua
773 459 884 525 beatus
906 457 1102 544 Augustinus
1125 456 1172 522 ait
1196 457 1230 524 in

260 561 342 628 libro
365 562 406 629 de
431 563 622 630 Patientia1:
652 565 837 632 «Patientia
859 571 917 642 est,
933 581 998 650 qua
1023 563 1107 630 mata
1122 581 1232 650 aequo

260 669 366 736 animo
383 670 601 752 toleramus»,
626 671 685 738 boc
709 673 842 739 estsine
865 670 1106 757 perturbatione
1131 671 1232 737 tristi·

260 774 331 841 tiae.
346 775 450 842 Prima
464 777 575 842 vitiosa
591 783 639 843 est
654 785 686 843 et
700 783 842 844 meretur
854 776 1067 862 supplicium3
1083 775 1232 842 secunda

260 889 363 961 cauta,
376 890 412 949 ut
428 883 543 950 evadat
556 884 731 968 temporale
743 883 964 970 dispendium
976 883 1070 950 tertia
1083 883 1232 949 virtuosa

263 990 562 1075 mereturgratiam
592 989 804 1076 inpraesenti
830 997 861 1057 et
884 989 1017 1075 gloriam
1050 989 1082 1056 in
1106 990 1232 1056 tuturo.

351 1095 380 1162 3.
406 1095 517 1163 Omnis
541 1097 646 1182 passio
669 1105 725 1164 aut
748 1105 797 1164 est
820 1115 862 1164 ex
886 1114 933 1176 eo,
958 1096 1043 1182 quod
1069 1105 1233 1182 negantur

264 1203 312 1270 rel
336 1203 528 1270 auferuntur
553 1204 644 1271 nobis
667 1204 835 1290 concupita
858 1212 890 1270 et
913 1212 1035 1284 amata3
1064 1213 1121 1270 ant
1140 1203 1232 1289 quod

263 1310 445 1377 inferuntur
469 1310 519 1377 vet
545 1312 708 1377 minantur
731 1311 823 1377 nobis
846 1310 919 1377 odio
951 1310 1060 1377 habita
1094 1310 1145 1377 vet
1178 1327 1233 1376 no

262 1417 342 1496 cira,
365 1434 446 1501 puae
471 1434 644 1503 possumus
668 1417 812 1484 diuidere
836 1417 867 1483 in
892 1416 1043 1502 quinque,
1062 1417 1233 1503 inquibus

261 1522 411 1608 patientia
446 1522 579 1590 discitur
615 1521 665 1589 vel
702 1523 874 1608 probatur:
906 1522 1059 1607 primurn,
1083 1522 1233 1606 corporis

265 1627 379 1708 laesio;
414 1629 602 1709 secundum,
623 1628 824 1714 temporalis
859 1629 1056 1695 substantiae
1092 1629 1232 1714 penuria

263 1736 313 1802 vet
337 1735 472 1813 abiati03
498 1736 638 1814 tertium,
654 1735 883 1802 detrimentum
901 1735 1046 1814 bonoris;
1063 1745 1233 1820 quartum,

264 1861 413 1910 carorum
438 1843 569 1910 offensio
593 1843 642 1911 rei
667 1843 863 1916 subtractio:
884 1844 1043 1928 quintum,
1074 1842 1232 1930 tranquil·

265 1949 361 2016 litatis
386 1951 500 2016 mentis
523 1967 746 2036 quaecumque
770 1950 978 2035 perturbatio.
1004 1950 1092 2017 istud
1122 1957 1231 2016 tamen

265 2057 372 2123 omnia
396 2057 504 2142 priora
528 2057 589 2123 sub
612 2074 646 2123 se
670 2056 818 2134 continet,
844 2057 915 2124 ticet
931 2057 1025 2123 etiam
1043 2073 1102 2142 per
1120 2073 1155 2123 se
1171 2058 1234 2124 sin·

264 2165 418 2251 gutariter
443 2163 611 2248 aliquoties
635 2164 739 2230 vatent
774 2162 910 2230 discerni
935 2169 967 2230 et
991 2163 1059 2230 sine
1082 2162 1155 2229 aliis
1186 2180 1234 2230 re

265 2269 373 2354 periri,
396 2276 433 2335 ut
456 2269 582 2336 sublata
606 2268 714 2355 aliqua
740 2268 856 2335 taetitia
873 2269 923 2335 vei
940 2267 1157 2336 consolatione
1173 2268 1235 2334 rni-

264 2393 326 2442 nus
350 2376 418 2442 utiti
445 2376 492 2442 rot
519 2375 754 2455 nociva,rerbi
780 2376 952 2459 gratiam
986 2393 1060 2444 cum
1098 2385 1234 2460 propter

265 2484 408 2570 pluriam
434 2484 483 2550 ret
506 2484 601 2549 aliam
624 2482 786 2549 innoxiam
812 2500 941 2550 causam
971 2500 1033 2548 non
1058 2501 1235 2567 possumus

265 2589 394 2677 spatiari
421 2590 470 2656 vet
495 2590 573 2658 atios
597 2597 769 2676 conceptus
803 2588 900 2656 animi
934 2589 1089 2675 perticere
1114 2609 1175 2676 pro
1199 2589 1234 2655 li·

250 2677 344 2763 bitu.
370 2732 412 2746 -
437 2696 514 2763 Cum
539 2704 647 2763 autern
673 2696 843 2763 turbamur
868 2713 926 2781 pro
949 2694 1075 2762 detecto
1093 2695 1233 2764 iustitiae

265 2804 315 2870 ret
340 2822 398 2890 pro
422 2805 612 2869 nocumento
645 2803 758 2870 salutis
792 2811 952 2881 aetarnae,
982 2802 1060 2868 baec
1090 2803 1233 2870 turbatio

266 2928 327 2976 noo
351 2916 400 2976 est
423 2910 638 2994 impatientiae
661 2909 856 2997 deputanda,
872 2910 927 2976 sed
946 2909 1013 2975 zeto
1038 2909 1180 2976 iustitiae
1203 2917 1234 2976 et

268 3019 389 3097 uirtuti,
410 3018 468 3084 nisi
495 3018 535 3084 sit
570 3016 854 3084 immoderatam!
891 3016 1080 3096 indiscreta3
1104 3017 1146 3083 ad
1175 3017 1234 3084 Co

268 3126 401 3193 rintbios
419 3124 447 3190 ²:
491 3123 657 3202 Pristitic,
692 3143 779 3212 puae
812 3124 994 3190 secuudum
1033 3123 1140 3189 Deum
1173 3131 1234 3202 est,

262 3232 498 3319 poenitentium
523 3231 559 3297 t'o
574 3230 716 3296 satutem
740 3229 890 3297 stabilem
915 3237 1078 3316 operatur
1101 3237 1163 3298 ato.

354 3339 385 3405 d.
410 3339 497 3405 Sicut
520 3355 597 3422 ergo
623 3355 681 3422 pro
712 3337 884 3423 praedictis
917 3337 1060 3422 quinquo
1091 3343 1235 3423 propter

266 3462 301 3510 se
322 3462 383 3510 non
408 3445 531 3511 turbari
556 3444 660 3511 virtus
683 3450 731 3512 est
745 3442 947 3529 potiendae,-
965 3443 1007 3510 ita
1027 3461 1086 3529 pro
1103 3443 1236 3512 deiectu

338 3568 348 3600 ²
368 3568 431 3635 Cap.
452 3573 477 3623 2.
819 3564 831 3599 ¹
851 3569 878 3622 tt.
896 3566 955 3622 Cor.
975 3568 1001 3636 7,
1022 3567 1063 3621 to.
