819 1202
78 60 257 77 ᾛΫὛ

204 125 224 136 nu
236 124 356 136 neroum-nonu
368 124 433 136 nonnus
444 124 536 136 inremotus.
580 120 611 137 107

125 151 243 167 beneficiorum
256 151 289 170 Dei,
301 153 317 168 et
329 151 436 172 congauderet
452 151 526 172 proximo
539 151 554 167 in
566 151 612 168 bonis

125 177 169 197 eius,
181 179 197 194 et
209 177 316 194 delectaretur
328 177 343 194 in
356 177 403 194 laude
416 177 444 194 Dei
458 179 474 194 et
489 177 505 194 in
520 177 565 194 bunis
577 182 613 199 ope

125 204 180 223 ribus,
193 205 208 220 et
220 203 298 220 fastidiret
309 203 363 220 omnia
375 208 416 220 vana
427 205 443 221 et
455 204 522 224 inutilia,
530 206 546 220 et
558 204 613 220 iucun-

125 230 197 247 ‹laretur
208 230 223 247 in
241 230 318 252 operibus
335 230 400 250 divinis,
411 232 427 247 et
438 234 460 247 ex
472 230 502 247 boc
520 230 611 247 efficeretur

125 257 182 274 alacer
194 259 210 274 et
227 257 273 278 agilis
290 257 310 274 ad
329 257 423 274 servitutem
435 257 469 274 Dei.
481 267 503 269 —
515 257 545 274 Sed
563 257 611 274 modo

127 288 218 305 perversus
228 286 253 300 est
262 284 276 300 in
285 284 406 301 dissolutionem
415 286 430 301 et
439 284 530 304 vanitatem,
538 286 556 300 nt
564 284 612 300 bomo

125 311 199 332 gaudeat
210 310 230 327 de
248 310 321 327 insaniis
336 310 387 332 falsie
394 311 401 321 ¹
412 313 428 327 et
439 310 521 328 affluentia
533 312 611 332 tempora·

125 337 168 354 lium
181 342 242 357 rerum,
255 337 334 354 hunorum
346 339 362 354 et
374 337 480 359 voluptatum,
489 337 505 354 in
517 337 551 354 risu
561 339 577 354 et
584 337 611 354 de-

125 364 163 381 risu
175 366 192 380 et
203 363 262 381 rabulis
274 365 290 381 et
304 364 379 385 turpibus
391 363 442 383 ludis:
454 366 470 380 et
481 364 542 381 fastidit
553 364 612 384 omnia,

125 395 170 412 quae
182 391 210 407 Dei
222 392 265 411 sunl,
280 392 296 412 et
312 391 381 412 insipida
396 392 434 407 sunt
450 390 470 411 ei,
481 393 497 407 et
509 391 562 407 taedet
573 395 610 407 eum

125 418 206 434 interesse
217 417 281 438 divinis,
293 419 308 434 et
320 417 406 439 pigritatur
418 417 438 434 ad
456 417 510 434 studia
523 417 612 434 devotionis

126 446 143 461 et
155 444 226 464 virtutis,
237 446 253 461 et
264 446 341 465 evagatur
353 444 402 461 eorde
414 444 457 461 eirea
468 444 531 461 inutilia
542 446 559 461 et
571 448 611 461 vana

127 473 144 487 et
157 470 246 490 immunda,
258 473 274 487 et
285 471 367 492 graviores
385 470 448 487 labores
459 470 531 492 corporis
544 470 611 487 libenter

127 497 216 514 sustineret
228 497 244 513 in
255 497 291 514 aliis
302 497 435 518 occupationibus
450 499 466 514 et
478 497 550 518 negotiis,
562 501 611 518 quam

127 524 210 541 insisteret
221 523 332 545 spiritualibus
344 525 360 541 et
371 523 439 543 divinis;
450 524 494 540 unde
505 524 583 540 accelerat
591 523 612 540 ab

126 551 151 568 eis
163 550 230 570 absolvi,
242 552 301 572 quanto
313 550 360 567 eitius
371 552 429 572 putest,
440 552 456 567 et
468 550 566 572 negligenter
574 550 611 567 tacit

126 577 144 594 id
157 577 200 599 quud
212 577 254 597 facit,
262 577 292 594 nisi
300 577 341 594 forte
350 577 414 594 lucrum
422 577 448 594 vel
456 577 521 594 laudem
533 577 570 594 inde
578 581 612 598 spe-

126 606 154 621 ret
165 604 240 626 consequi
252 604 277 621 vel
289 604 334 621 aliud
346 604 448 621 commodum
457 604 549 625 temporale.
558 613 580 616 -
588 604 612 621 Ex

127 631 219 648 inordinata
236 633 290 648 autem
306 631 377 648 tristicia
392 631 463 652 gignitur
480 631 551 648 taedium
569 631 612 651 boni,

127 658 168 675 dum
180 658 203 674 nil
216 658 254 675 libet
265 658 318 675 facere
335 657 361 675 vel
379 657 441 675 discere
455 657 491 674 boni
505 658 530 674 vel
542 658 612 679 cogitare

128 684 154 701 vel
166 684 215 706 loqui.
232 684 309 701 Similiter
326 688 347 701 ex
359 684 467 701 dissolutione
485 684 556 701 taedium
574 684 610 700 boni
631 706 633 708 Ι

128 711 206 731 nascitur,
218 711 258 727 dnm
270 712 332 728 tantum
348 710 403 727 intenti
420 715 477 728 sumus
489 711 534 727 vanis
546 710 612 727 levitali-

127 737 164 758 bus,
176 737 219 759 quod
231 737 284 754 taedet
296 742 325 754 nus
337 737 448 759 spiritualibus
458 737 516 754 studiis
524 737 612 757 intendere,

128 766 143 781 et
155 764 201 786 quasi
213 764 305 784 anxiamur,
317 768 354 781 cum
367 764 444 781 debemus
454 764 502 781 avelli
514 764 535 780 ab
546 764 578 780 otio
587 763 612 780 vel

128 790 167 807 iocis
178 790 275 807 scurrilibus
286 792 302 807 et
313 790 378 807 seriosis
389 790 471 808 exercitiis
478 790 559 812 occupari.
568 790 612 807 Unde

129 817 174 838 quasi
187 816 232 838 ligati
244 817 292 834 eatuli
304 817 325 834 ad
337 817 407 839 stipitem
420 817 494 834 renitenti
506 817 560 834 animo
572 817 612 838 cogi-

128 848 166 860 mur
178 843 255 860 interesse
266 843 334 863 divinis;
346 845 362 860 et
373 844 403 860 hue
421 846 446 861 est
462 843 532 861 accidiae
549 843 612 863 vitium,

128 869 210 887 lastidimn
222 870 265 886 boni.
277 870 294 887 ln
312 870 342 887 hoc
354 870 405 890 multi,
417 870 465 887 etiam
478 869 556 891 Religiosi,
569 869 611 886 labo-

128 899 170 917 rant,
182 898 199 914 et
210 897 257 918 pauci
269 899 352 918 superant.

164 954 169 963 ¹
180 955 201 968 rs
210 955 232 971 as.
241 955 254 969 ε.
