2738 4316
308 232 346 296 ib
615 293 618 296 ,
668 249 756 296 mann
781 249 904 296 rnrnns.

305 351 436 418 matae¹
461 351 675 433 consessionis,
699 353 774 439 quia
798 360 969 438 generatur
986 353 1127 421 taedium
1151 354 1257 423 nonies·

305 459 379 526 sori.
403 460 464 526 lsta
488 459 570 526 enim
596 461 702 526 omnia
720 470 816 544 potes
832 460 905 526 Deo
921 461 951 526 in
969 461 1111 528 oratione
1126 461 1255 547 quotidie

304 565 447 633 confiteri
471 574 502 633 et
525 567 668 636 deiectus
703 575 774 634 tuos
798 568 825 634 ei
858 585 1032 654 exponere,
1060 586 1140 655 qnos
1169 568 1255 636 sentis

304 671 335 738 in
361 673 495 758 singulis
520 673 703 752 virtutibus
726 683 758 740 et
781 674 918 741 muitum
944 675 1076 761 expedit
1099 693 1193 761 snper
1212 674 1253 741 bis

281 864 283 868 .
303 780 344 846 ab
367 797 405 846 eo
421 779 598 847 remedium
617 779 780 865 postutare
797 781 1019 848 miserationis.
1038 781 1152 848 Parum
1169 781 1252 848 etiam

304 885 388 952 vaiet
411 884 575 966 consessio,
599 885 659 952 nisi
684 895 844 972 proponas
868 886 908 954 de
932 895 1038 954 cetero
1066 905 1177 956 navare
1207 885 1253 953 tibi

302 993 343 1058 ab
368 992 427 1070 his,
452 1009 534 1078 qnae
559 991 718 1060 confiteris
742 1001 772 1059 et
796 993 926 1060 studeas
951 1002 981 1060 te
1005 993 1186 1062 emendare.

620 1209 624 1215 '
649 1206 832 1274 Gnrrrmmr
857 1205 917 1272 Xil.

305 1384 350 1450 De
362 1381 543 1468 disciplina
550 1382 591 1448 e'n
608 1383 690 1449 netto
702 1391 732 1449 et
743 1383 838 1449 et'rno
855 1383 1074 1452 obedientiam
1085 1383 1251 1452 servando.

393 1581 424 1646 in
450 1578 529 1646 celia
554 1578 688 1644 libenter
712 1586 780 1645 esto
804 1587 834 1646 et
857 1579 979 1667 atiqnid
1005 1597 1132 1665 semper
1151 1597 1205 1664 age
1226 1579 1252 1642 in

302 1705 339 1754 ea
363 1686 447 1772 qnod
473 1684 618 1751 aedificet
643 1692 682 1763 te,
708 1684 755 1750 vei
781 1685 867 1770 qnod
891 1704 910 1750 a
935 1684 1046 1751 maiori
1073 1685 1127 1751 tibi
1164 1684 1254 1750 iniun-

302 1794 397 1877 gitur.
422 1792 499 1857 Nam
525 1801 587 1857 tarn
614 1790 813 1858 voluntarius
838 1793 935 1860 debes
959 1811 1028 1859 esse
1056 1793 1096 1859 ad
1121 1791 1255 1858 obedien·

302 1901 388 1976 tiam,
413 1898 509 1983 qnod,
534 1898 614 1981 siin
640 1899 725 1964 omni
744 1899 823 1964 hora
839 1899 893 1964 tibi
918 1898 1165 1984 praeciperetur,
1185 1897 1255 1984 quid

302 2006 405 2072 iacere
429 2004 573 2082 deberes
599 2005 733 2072 libenter
767 2005 944 2090 acciperem
979 2014 1011 2072 et
1034 2006 1120 2092 qnod
1144 2007 1173 2072 in
1197 2013 1256 2069 tan·

302 2123 370 2180 tum
395 2112 441 2178 tni
468 2111 547 2179 inris
571 2130 632 2177 non
650 2129 746 2191 esses,
771 2109 856 2198 duod
875 2131 932 2179 nen
949 2113 1089 2196 verbnm,
1104 2113 1186 2199 loqui
1202 2128 1255 2178 nec

302 2219 340 2285 ad
366 2217 490 2303 aliquas
515 2220 717 2285 necessitates
741 2219 886 2304 proprias
912 2219 957 2285 ira
982 2219 1049 2286 sino
1081 2218 1202 2286 lieentia
1226 2217 1255 2282 ii-

301 2325 414 2391 bernm
440 2324 575 2390 haberes
598 2324 787 2401 arbitrinm;
820 2325 865 2390 sio
900 2324 975 2390 otim
1001 2325 1131 2390 Sanotos
1155 2324 1183 2388 in
1206 2323 1256 2388 de·

301 2438 396 2516 gypto
419 2439 450 2496 et
474 2430 709 2515 aiibi'iegimus
735 2431 864 2510 vixisse,
899 2448 1037 2517 quorum
1071 2431 1202 2516 gloriam
1233 2428 1254 2494 si

300 2538 448 2624 cupimus
472 2537 614 2624 adipisci,
651 2555 779 2604 neeesse
813 2544 871 2617 est,
902 2547 936 2605 nt
960 2539 1124 2606 imitemur
1149 2553 1253 2606 eorum

304 2643 446 2710 virtutes

642 2856 825 2923 Cerrrmmr
849 2855 921 2922 xttt.

516 3036 560 3104 De
583 3034 717 3101 lectione
739 3043 769 3101 et
789 3035 1050 3120 praedieatione.

391 3234 417 3298 1.
443 3233 523 3316 Lege
551 3232 738 3298 sanatorum
764 3231 860 3298 vitam
894 3237 925 3298 et
948 3230 1139 3312 doctrinam,
1171 3228 1253 3298 utin

299 3337 535 3421 comparatione
559 3355 670 3405 eornm
688 3355 815 3423 semper
840 3337 1020 3405 humidioris
1043 3346 1075 3405 et
1091 3333 1254 3407 instruaris

370 3478 378 3512 ¹
399 3477 545 3549 Affirmore
564 3483 606 3533 iric
624 3490 664 3535 est
683 3483 889 3547 propositionem
908 3483 960 3535 iarn
981 3481 1097 3535 breviter
1115 3483 1252 3548 expositam

298 3567 393 3620 additis
413 3567 558 3622 rationibus
577 3570 741 3624 confirmare.
