2776 4316
286 235 350 301 28⁰2
640 253 728 314 prauo
753 251 894 298 ruamus

286 356 442 442 plurimos
467 357 670 436 haberemus,
694 375 768 425 cum
786 357 1009 441 intelbgerent
1025 355 1108 442 quod
1124 361 1159 422 et
1176 375 1251 440 pau·

288 481 382 548 peres
406 481 462 529 nos
487 481 616 546 pascere
639 463 805 530 commode
830 463 982 529 ualerent.

376 570 501 636 Tertius
524 570 732 636 abstinentiae
756 569 876 654 gradus
900 577 948 636 est
972 587 1065 654 posse
1087 569 1155 635 sine
1172 566 1252 634 dilii-

286 675 405 742 cultate
425 676 585 761 abstinere
601 677 642 743 ab
659 676 775 743 babilis
791 675 1044 754 delectabilibus,
1061 675 1109 741 vel
1126 683 1251 741 tantum

287 783 359 848 inde
379 800 512 849 sumere
535 799 649 868 puram
676 782 905 860 necessitatem,
930 790 961 848 et
986 783 1045 848 boc
1062 799 1122 846 uon
1139 796 1253 847 amore

286 888 514 967 delectationis,
531 890 586 957 sed
604 889 818 956 recreationis.
837 890 871 955 Et
887 889 1036 974 quamvis
1051 889 1155 974 quoad
1178 906 1252 972 pau·

285 1001 440 1079 pertatem
465 995 568 1061 maior
592 995 694 1062 virtus
717 995 758 1062 sit
781 1013 842 1061 nim
868 995 987 1062 babere
1002 984 1096 1081 'quod
1125 993 1253 1080 cupias

285 1106 389 1168 tamen
422 1102 526 1186 quoad
564 1101 783 1168 tortitudinem
818 1100 1027 1168 abstinentiae
1065 1100 1169 1168 maius
1205 1107 1254 1166 est

285 1225 378 1293 posse
401 1207 576 1292 appetitum
602 1208 767 1275 retrahere
791 1208 832 1274 ab
862 1225 924 1274 usu
957 1207 1006 1274 vel
1043 1206 1253 1274 delectatione

285 1314 461 1400 praesentis
479 1313 762 1399 voluptatisquam
780 1316 943 1381 absentem
969 1333 1031 1380 nou
1055 1314 1252 1381 desiderare.

288 1420 419 1486 Cautius
441 1429 549 1486 autem
573 1428 620 1486 est
642 1429 674 1487 et
697 1421 843 1487 securius
865 1421 977 1505 lugere
1000 1420 1185 1505 corporales
1202 1421 1251 1485 de

287 1525 479 1605 lactationeS,
503 1527 578 1612 quia
601 1544 695 1612 saepe
719 1527 792 1594 victi
816 1535 892 1594 sunt
923 1529 955 1593 iu
989 1528 1165 1594 certamine
1197 1523 1252 1612 qui

287 1634 382 1708 nimis
407 1634 577 1700 voluerunt
600 1653 670 1702 esse
694 1635 809 1701 securi.
833 1635 867 1701 Et
883 1635 937 1720 qul
955 1653 995 1702 ex
1015 1634 1252 1718 praesumtione

287 1739 345 1806 sibi
371 1740 534 1806 victoriam
559 1742 806 1827 spoponderant,
830 1742 902 1808 victi
928 1750 960 1809 et
982 1743 1104 1810 contusi
1137 1742 1253 1809 didiee·

286 1856 371 1926 runt,
395 1865 492 1932 quam
516 1848 650 1915 stultum
668 1855 715 1916 est
732 1867 765 1916 se
781 1849 979 1916 committere
997 1848 1147 1934 periculis
1164 1863 1252 1934 proe

287 1951 414 2032 liorum,
439 1953 492 2019 ubi
517 1961 652 2040 possunt
675 1963 854 2040 opportune
877 1955 980 2021 vitari.
1005 1955 1140 2023 Facilius
1156 1955 1190 2020 in
1208 1953 1251 2019 lit·

286 2065 354 2126 tore
378 2078 441 2126 non
464 2059 682 2146 submergeris
706 2079 802 2147 quam
828 2061 858 2127 in
883 2062 1008 2148 gurgite
1032 2079 1203 2148 aquarum.

599 2274 783 2340 Cnetruuuu
806 2274 931 2343 xtvttt.

480 2485 594 2553 Virtus
617 2486 777 2553 vitiorum
801 2487 948 2554 inedium
973 2493 1064 2554 tenet.

375 2699 544 2766 Sciendum
572 2710 687 2777 tamen,
711 2700 797 2784 quod
818 2698 922 2766 virtus
938 2699 1079 2768 medium
1100 2699 1249 2768 vitiorum

286 2813 381 2884 tenet,
405 2815 436 2873 et
460 2807 491 2873 in
516 2815 654 2892 utroque
679 2807 788 2884 latere,
813 2816 877 2874 tam
901 2826 921 2873 a
944 2807 1069 2875 dextris
1091 2826 1190 2894 uuam
1215 2806 1250 2874 si

285 2913 404 2994 nistris,
431 2913 514 2978 vitiis
537 2921 585 2980 est
608 2915 748 2993 obsessa,
773 2915 815 2981 ita
840 2922 885 2992 ut,
909 2914 935 2981 sl
961 2915 1084 2981 modice
1100 2933 1119 2980 a
1135 2914 1251 2982 disere

287 3020 381 3088 tionis
405 3022 533 3088 tramite
557 3022 743 3100 deviaverit,
769 3022 831 3087 iam
856 3022 959 3088 virtus
982 3039 1043 3086 uun
1068 3023 1128 3098 sit;
1161 3019 1248 3088 verbi

286 3129 399 3213 gratia,
414 3127 628 3213 parcimonia
645 3127 695 3193 vel
719 3127 918 3208 abstinentia,
943 3128 968 3194 si
986 3135 1088 3195 metas
1104 3145 1182 3196 suas
1197 3145 1251 3194 ex·

286 3235 378 3302 cedat
401 3234 432 3300 in
458 3233 678 3320 superfluitate
709 3234 861 3314 alimenti,
897 3234 1035 3301 declinat
1070 3236 1101 3300 iu
1137 3235 1249 3301 vitium

285 3341 398 3426 gulae3
422 3341 447 3408 si
473 3341 567 3406 nimis
592 3341 751 3408 modicum
776 3342 923 3408 admittat
946 3342 986 3409 de
1002 3343 1184 3409 necessario
1198 3342 1250 3408 ali-

286 3455 403 3527 mento‚
427 3448 539 3515 vitium
565 3447 799 3515 indiscretionis
824 3448 976 3528 incurret,
999 3465 1057 3534 per
1080 3466 1179 3535 quam
1210 3448 1251 3516 vi·

286 3570 337 3619 res
360 3554 503 3641 corporis
527 3555 681 3635 destruat,
700 3554 839 3640 vigorem
858 3555 972 3622 mentis
989 3553 1185 3641 exstinguat,
1201 3571 1251 3622 ua·
