819 1202
207 123 227 134 ne
240 122 360 135 aenonnnxoue
371 123 437 135 nonnus
448 123 539 136 mTEnmlus.
583 120 612 136 lll

130 148 160 166 Dei
172 149 246 170 diligeret
255 151 320 171 propter
329 149 415 169 Factam,
423 149 505 171 quodlibet
516 150 560 167 iuxta
569 155 615 167 suani

130 175 232 197 dignitatem,
243 178 259 192 et
270 178 344 193 uteretur
360 176 448 193 ministerio
459 179 542 194 creaturae
553 178 574 193 acl
587 177 614 194 Del

130 202 231 219 voluntatem
244 204 259 219 et
276 207 323 219 suam
340 204 421 219 aeternam
440 203 512 223 salutem,
528 204 614 220 ethorum

129 229 204 246 omnium
220 228 341 246 delectationem
356 231 372 246 et
384 233 432 246 usum
449 229 516 247 referret
527 230 547 247 ad
560 230 615 247 Condi-

130 256 172 273 torls
189 255 290 272 dilectionem
306 258 322 273 et
337 256 449 277 cognitionem,
463 256 513 273 donec
529 257 548 273 ad
561 257 614 278 ipsum

129 282 228 304 perveniret,
240 282 256 299 in
268 287 300 304 quo
312 285 350 299 sunt
361 285 377 299 et
393 283 449 300 vivunt
460 284 513 300 omnia
525 284 614 300 secundum

129 311 214 326 aeternam
231 309 315 326 rationem.
327 318 349 321 —
360 309 390 326 Sed
409 309 436 326 ille
451 309 517 327 allectus
529 310 573 331 quasi
586 315 614 327 ex-

129 336 199 353 stinctus
210 338 235 353 est
246 338 262 353 et
274 336 346 357 dilapsus
358 336 378 353 ad
390 341 462 353 amorem
474 338 526 353 carnis
535 339 550 354 et
559 339 613 358 turpes

130 362 250 382 delectationes,
262 364 280 379 nt
292 362 322 379 lam
336 367 366 379 non
379 363 435 384 diligat
446 363 476 380 nisi
489 368 518 385 pro
532 368 561 380 sua
577 366 614 380 tem⁴

128 389 183 410 ‘porali
196 388 264 406 utilitate
276 390 292 406 et
303 389 362 406 carnali
375 389 479 406 delectatione
488 392 503 407 et
515 390 558 411 turpi
571 390 614 407 volu-

130 417 179 437 ptate.
192 415 235 432 Licet
251 415 299 432 etiam
317 420 357 432 usus
373 415 442 433 carnalis
457 416 551 433 concubitus
567 417 615 433 datus

130 442 180 459 fuerit
192 442 252 459 homini
264 444 280 459 et
292 443 377 459 mandatus
389 443 408 459 ad
421 443 471 464 prolis
483 443 613 464 propagationem

130 469 165 486 Deo
176 469 270 486 educandae
281 471 297 486 et
308 471 389 486 aeternam
406 469 520 486 beatitudinem
533 474 569 486 cum
582 470 614 487 Deo

129 497 146 512 et
160 495 221 517 Angelis
232 500 345 517 possessurae;
357 498 410 513 tamen
419 496 467 513 modo
475 501 505 513 non
519 496 577 517 proles,
586 496 614 513 sed

130 522 216 539 delectatio
227 522 244 539 in
256 522 286 539 hoc
301 527 350 544 opere
361 523 454 544 quaeritur;
466 525 481 539 et
493 523 505 540 si
518 523 571 545 proles
587 523 615 540 de-

130 549 218 569 sideratur,
233 553 263 571 pro
279 549 360 566 mundana
375 549 474 566 iucunditate
486 550 574 572 quaeritur,
589 550 614 566 vel

130 580 161 597 pro
173 575 267 593 hereditatis
279 577 353 593 terrenae
361 576 466 596 successione,
475 576 498 593 vel
509 577 574 593 honoris
586 581 613 593 au-

131 604 203 624 gmentoj
214 604 232 619 ut
244 602 299 624 plures
314 603 361 620 amici
377 603 467 620 habeantur
478 603 494 619 in
509 606 558 620 terra.
571 603 614 620 Unde

131 628 191 649 dolent,
203 629 267 650 quando
279 629 343 650 parvuli
355 629 440 650 decedunt,
455 630 483 651 qui
501 630 551 646 mullo
564 630 614 646 tutius

131 655 225 672 moriuntur
240 658 276 677 post
292 656 396 677 baptismum,
408 659 492 678 antequam
506 661 534 678 per
547 656 613 673 mortale

131 683 215 704 peccatum
228 682 295 704 perdant
307 683 356 699 vitam
372 685 459 703 aeternam,
471 688 519 705 quarn
532 685 586 704 postea
598 683 614 699 in

130 711 183 726 aetate
194 709 255 729 adulta,
264 709 414 731 propter.duhium‚
426 709 482 731 quales
493 710 543 726 futuri
554 710 590 730 sint7
598 712 614 726 et

130 737 198 757 propter
210 735 307 757 multiplices
315 736 381 758 laqueos
389 736 454 758 peccati,
463 741 503 758 quos
512 736 558 753 valde
567 736 613 758 pauci

130 762 207 779 evadunt.

293 816 385 833 Cam'ruwu
397 816 448 834 xxvi.

237 869 294 890 Quare
306 868 371 886 homini
381 869 423 886 data
434 870 456 886 ait
467 874 509 891 spes.

176 922 217 944 Spea
228 922 266 939 data
277 924 302 939 est
313 922 379 943 homini,
391 927 423 944 qna
435 923 503 940 confidat
512 923 531 940 de
543 923 613 940 bonitate

129 949 164 969 Dei,
176 951 195 966 ut
207 951 260 971 speret
271 954 281 966 a
293 949 325 966 Deo
337 950 413 972 consequi
425 950 492 971 gratiam
505 950 520 966 in
533 950 613 971 praesenti
