2808 4318
311 257 351 303 ua
374 254 614 305 aaaocuarroua
638 255 766 304 uoumrs
790 255 973 304 mrumours.
1063 237 1125 304 153

162 371 258 444 stare,
283 362 369 451 quod
402 363 497 429 etiam
523 368 651 447 reputat
685 378 719 430 se
742 360 914 446 perfidum,
938 361 963 428 si
1000 361 1127 428 deserat

161 487 257 549 cum;
280 476 312 537 et
336 469 380 536 sic
405 476 529 554 eaptus,
550 467 706 536 consentit
736 467 869 535 alterius
905 465 1060 534 voluntati
1095 473 1126 533 et

162 576 311 662 propriae
335 574 511 642 infirmitati
537 575 568 640 in
592 592 684 640 omne
709 583 884 660 peccatum.
901 573 950 640 Sic
967 573 1124 640 Samsou²

162 681 365 761 fortissimus,
389 681 444 769 qui
470 681 587 748 multas
611 698 705 766 saepe
737 680 878 748 bostium
902 680 985 747 acies
1010 685 1127 746 strave-

162 798 213 856 rat
235 797 268 856 et
290 788 458 874 aliquoties
481 787 522 856 de
546 787 682 854 vinculis
712 794 875 872 eruperat,
899 785 1061 853 conlidens
1085 784 1125 851 de

163 896 288 963 viribus
311 895 388 976 suis,
412 895 603 981 liquefactus
633 903 681 961 est
704 911 813 961 amore
837 892 967 970 Dalilae,
991 901 1021 958 et
1044 889 1126 978 defe-

164 1002 209 1069 cit
231 1001 351 1068 ocimo
374 1003 447 1068 eirca
470 1010 498 1068 et
533 1021 637 1090 usque
660 1001 707 1067 od
737 1007 878 1066 mortem
913 999 1043 1066 laurata
1066 1009 1125 1078 eut,

164 1108 242 1176 dum
267 1107 388 1175 nullam
413 1109 504 1176 daret
528 1108 557 1175 ei
581 1108 736 1194 requiem,
760 1124 928 1194 quousque
953 1106 1046 1193 plene
1070 1125 1126 1173 cor

162 1231 258 1281 suum
284 1214 311 1281 ei
336 1213 494 1300 exposuit,
528 1220 560 1281 et
590 1213 736 1281 hostibus
771 1213 894 1280 aditum
926 1213 971 1279 sic
998 1213 1125 1298 aperuit

163 1319 343 1405 captivandi
361 1339 394 1388 se
410 1328 441 1387 et
458 1320 574 1404 ligandi
592 1327 623 1388 et
640 1320 788 1388 caecandi
812 1329 843 1388 et
867 1320 898 1386 io
915 1337 1042 1387 caruere
1060 1337 1123 1386 mo

162 1427 225 1493 lam
255 1427 403 1494 trudendi
436 1435 467 1495 et
499 1429 612 1496 ludum
637 1429 677 1495 de
701 1444 734 1494 se
762 1426 908 1494 hostibus
939 1426 1122 1493 exhibendi.

162 1531 253 1599 Haec
276 1541 389 1599 uotam
412 1534 518 1600 omnia
542 1534 577 1598 ic
604 1532 720 1620 (lpuro
743 1530 839 1619 facto
862 1541 941 1598 sont
964 1530 1073 1598 ooutrt'
1095 1538 1127 1598 el

162 1638 292 1724 scriptu
312 1639 359 1704 od
381 1639 618 1725 correptionem
642 1647 794 1706 uestrum
807 1639 827 1703 ².

253 1745 283 1811 3.
308 1746 488 1813 Secundum
513 1753 561 1813 est
585 1746 684 1813 vitare
709 1746 889 1814 societatem
907 1752 938 1813 et
954 1745 1124 1812 contuber-

165 1852 255 1918 nium
280 1850 534 1933 luxuriosorum,
559 1871 598 1919 oe
622 1870 734 1920 eorum
766 1853 915 1938 exemplo
945 1853 984 1919 ad
1011 1851 1127 1918 similia

162 1958 391 2044 pertrabuntur
400 1984 409 2038 ;
424 1958 659 2026 Ecclesiasticus
673 1958 701 2024 ⁸:
721 1959 788 2042 Qui
801 1977 835 2024 se
851 1959 962 2046 iuopia
975 1956 1127 2045 foratico-

158 2063 227 2130 ra'c's
250 2065 314 2131 erit
336 2084 500 2153 aequom
524 2066 616 2132 item:
642 2065 783 2132 Amicus
805 2065 984 2132 stultorum
1016 2063 1128 2153 efficie-

161 2178 220 2237 tur
243 2171 367 2238 similis
390 2171 468 2238 illia.
494 2171 604 2238 Proui
624 2180 704 2238 aunt
734 2171 817 2238 enim
841 2191 960 2237 senous
983 2169 1128 2238 bominis

159 2285 192 2344 cl
214 2276 371 2362 copitott'o
395 2278 432 2343 io
455 2277 605 2356 mulom-
621 2285 652 2345 et
668 2278 739 2345 ideo
756 2277 880 2344 facilius
897 2277 1036 2344 trabitur
1052 2277 1126 2344 alio

159 2399 235 2449 rum
260 2383 410 2468 exemplo
433 2383 473 2449 ad
492 2383 583 2463 illud,
603 2384 688 2468 quod
707 2383 827 2469 appetit
842 2382 912 2450 eius
929 2400 1041 2449 seusus
1057 2401 1128 2450 oar-

159 2491 254 2570 nalis,
290 2490 367 2557 dum
404 2508 466 2555 non
490 2489 651 2557 erubescit
686 2491 820 2556 uitiosus
856 2489 969 2570 rideri,
1004 2489 1126 2557 babens

160 2613 272 2664 secum
296 2597 399 2663 socios
422 2597 568 2663 miseriae
591 2615 679 2677 suae,
703 2614 841 2683 quorum
866 2615 927 2662 oon
952 2596 1057 2663 solum
1073 2613 1127 2664 cx·

161 2702 288 2789 amplis,
312 2702 368 2770 sed
391 2703 485 2769 etiam
511 2704 773 2789 persuasionibus
796 2712 828 2771 et
845 2703 1047 2771 irrisionibus
1063 2711 1124 2770 tra-

163 2809 253 2877 bitur
277 2808 318 2876 ad
343 2817 519 2895 peccatum,
542 2816 574 2877 et
610 2809 775 2878 luudotur
807 2818 963 2896 peccator
986 2809 1022 2875 io
1046 2809 1127 2876 desi·

163 2914 268 2982 decim
292 2915 428 2982 animae
448 2931 532 2983 suae
545 2918 567 2981 ⁴.
593 2917 628 2983 Et
651 2916 730 2985 baec
753 2923 801 2984 est
826 2917 887 2984 iam
916 2917 1007 3003 quasi
1039 2933 1127 3003 prae-

163 3021 258 3107 cipua
293 3038 400 3100 eausa,
423 3039 524 3107 quare
556 3023 598 3088 ita
634 3023 844 3108 multiplicata
879 3030 954 3093 sunt
978 3023 1059 3089 mala
1094 3022 1125 3088 io

164 3127 312 3208 Ecclesia,
333 3135 364 3194 et
382 3128 413 3194 iu
438 3127 596 3213 Religioue
613 3130 720 3197 studia
736 3130 915 3216 spiritualia
930 3128 1126 3207 deiecerunt,

235 3304 245 3336 ¹
265 3304 317 3359 Clr.
336 3305 417 3360 ludlo.
437 3307 479 3372 lu,
500 3307 542 3359 lb.
562 3320 618 3374 seq.

235 3389 283 3447 ἰ.
302 3392 362 3449 eor.
384 3395 425 3461 ro,
444 3395 471 3446 o.
491 3394 532 3447 u.

235 3478 246 3512 ⁸
265 3480 329 3548 Cap.
350 3483 392 3549 lb,
411 3483 436 3534 3.
455 3483 581 3551 Sequitur
599 3483 676 3536 Prov.
698 3484 740 3551 ta,
760 3484 803 3536 ab.
822 3489 848 3537 et
867 3484 931 3538 Gen.
950 3485 975 3551 8,
995 3485 1038 3537 bt.

235 3569 247 3604 ⁴
265 3572 305 3624 Ps.
327 3563 369 3639 lb,
389 3572 415 3624 3.
432 3571 498 3640 (seo.
516 3571 672 3641 Hebraeos).
