2792 4318
324 226 366 292 ot
685 245 774 292 arnan
798 245 921 293 narnus

322 350 488 419 conferret.
514 347 544 414 Si
572 347 728 433 patienter
759 348 824 415 fers
856 348 959 416 iacula
989 349 1196 429 adversantis,
1226 349 1276 416 aiii

322 457 555 544 compatientur
568 455 623 522 tibi
640 462 671 523 et
688 456 922 541 impugnabunt
938 474 997 541 pro
1014 465 1045 524 te
1060 456 1275 524 adversarium

321 571 425 642 tuum,
449 572 479 630 te
503 569 635 643 tacente,
660 570 691 628 et
715 562 847 647 diligent
874 568 905 629 te
936 562 1084 648 amplius.
1120 563 1277 629 Stantem

321 670 483 737 vindicare
516 676 546 737 te
572 669 711 736 volueris
734 676 765 735 et
789 668 960 736 defendere
991 669 1178 748 resistendo,
1200 668 1277 754 aspi·

321 775 405 845 cient
428 782 458 842 te
482 783 514 843 et
537 775 708 861 respicient
723 793 779 842 ros
796 775 915 861 pariter
938 776 1119 844 mordentes
1142 784 1175 844 et
1195 794 1279 844 scan-

322 881 547 949 dalizabuntur
571 881 602 948 in
636 889 783 967 utroque.
817 883 966 950 Doctrina
995 882 1112 950 Christi
1144 883 1277 969 Magistri

321 989 421 1056 nostri
445 996 476 1055 et
500 988 622 1054 Domini
648 997 706 1068 est,
731 989 824 1057 cnins
847 997 879 1057 te
902 1007 972 1057 esse
996 989 1190 1085 discipulum
1214 1008 1282 1077 pro

237 1142 240 1150 .
321 1093 426 1162 sessus
449 1111 483 1162 es
505 1095 537 1161 in
554 1095 749 1180 professione
767 1095 915 1181 segulae,
931 1095 1051 1163 scilicet
1066 1094 1204 1182 ditipere
1219 1095 1280 1162 ini-

321 1200 437 1280 micos,
454 1199 639 1268 benedicere
662 1202 805 1268 odientes
828 1221 889 1268 nos
906 1203 935 1279 ¹;
959 1208 990 1268 et
1014 1210 1123 1269 nostra
1148 1201 1281 1287 benigni·

322 1315 385 1376 tate
407 1309 538 1375 oiaeere
561 1307 691 1377 ittorom
715 1308 897 1388 molitione,
920 1310 1003 1378 siout
1026 1309 1079 1377 iiie
1096 1309 1197 1377 matos
1218 1327 1281 1376 mu·

322 1421 367 1482 tat
394 1415 425 1481 in
455 1416 554 1484 bonos
577 1417 734 1503 patienter
757 1434 821 1495 eos,
845 1423 882 1484 ut
912 1423 1151 1499 convertantur,
1175 1435 1280 1504 exspe

322 1522 436 1590 ctando
456 1531 489 1606 et
514 1511 675 1590 beneficiis
698 1522 876 1590 alliciendo.

667 1770 851 1837 cinnoma
882 1770 941 1836 xt.

409 1982 510 2050 Stude
528 1981 631 2070 priate
655 1983 825 2069 corripere
849 1983 884 2050 t'o
908 1994 937 2050 te
959 1985 1048 2074 qood
1071 1985 1107 2051 io
1131 1985 1201 2052 alio

692 2087 914 2176 reprehendis,

413 2324 442 2387 t.
465 2320 594 2406 Corrige
618 2321 649 2387 in
674 2328 705 2388 te
728 2321 814 2408 qnod
838 2321 870 2388 in
905 2321 968 2387 alio
1001 2321 1225 2408 reprehendis
1253 2327 1281 2389 et

321 2426 399 2496 doce
422 2434 454 2495 te
477 2427 563 2512 quod
587 2427 666 2495 utile
682 2431 798 2515 coique
813 2421 968 2514 agnoscis.
986 2427 1104 2495 Fertor
1120 2437 1200 2497 tnus
1215 2433 1281 2516 agat

321 2534 353 2601 in
378 2532 537 2619 teipsum
562 2534 661 2600 etita
692 2533 908 2602 inflammatus
938 2535 1018 2602 aiios
1041 2533 1168 2613 calefac,
1202 2535 1281 2602 sicut

320 2640 413 2726 ignis
436 2639 492 2726 qni
515 2640 664 2725 proxima
689 2641 779 2726 prins
803 2649 834 2708 et
865 2647 974 2727 postea
1008 2640 1183 2708 remotiora
1207 2640 1281 2708 eale

320 2747 403 2814 facit.
430 2747 476 2814 Tu
500 2745 598 2832 igitur
614 2753 682 2814 esto
706 2748 875 2834 proximus
892 2747 948 2814 tibi
965 2747 996 2814 in
1013 2748 1213 2816 correctione
1229 2747 1281 2816 tui.

321 2852 440 2939 Regula
463 2853 578 2938 ingenii
603 2853 649 2920 tui
674 2860 705 2920 et
728 2853 816 2920 zetus
839 2853 977 2920 iustitiae
1001 2859 1075 2922 tuae
1099 2853 1207 2940 primo
1227 2854 1283 2920 for·

320 2966 428 3028 mette
445 2959 475 3026 in
488 2959 655 3046 exemplar
668 2960 746 3027 artis
758 2969 832 3027 tuae
848 2960 919 3027 aliis
931 2960 1131 3028 imitandum.
1144 2959 1282 3028 Ostende

319 3067 351 3134 in
385 3067 515 3155 proprio
549 3085 647 3154 opere
671 3073 736 3146 tuo,
771 3067 864 3135 cuius
887 3067 1019 3154 peritiae
1042 3067 1087 3136 sis
1121 3067 1154 3134 in
1187 3081 1281 3154 opere

319 3173 432 3241 alieno.
469 3173 606 3259 Quidam
642 3173 747 3241 sciunt
770 3174 871 3240 multa
895 3175 928 3241 in
958 3174 1030 3242 aliis
1061 3174 1224 3259 corrigere
1252 3177 1281 3240 et

320 3280 417 3347 vitam
441 3279 578 3347 aliorum
603 3279 763 3360 ordinare,
788 3280 819 3346 in
843 3297 878 3347 se
895 3280 971 3368 ipsis
990 3287 1098 3348 autem
1123 3280 1226 3350 muita
1241 3279 1282 3346 in·

391 3472 401 3505 ¹
421 3475 509 3528 treton
527 3476 553 3543 5,
573 3474 620 3544 tt;
639 3477 687 3530 etr.
705 3475 806 3542 Regula
819 3475 939 3529 Fratrum
953 3477 1093 3542 ternorum,
1111 3489 1171 3544 cap.
1190 3475 1233 3530 to.
1245 3473 1280 3526 De

319 3575 374 3632 seq.
395 3565 574 3630 propositione
592 3566 639 3618 etr.
659 3565 735 3618 Rom.
755 3566 798 3631 tt,
817 3565 860 3619 at.
878 3570 905 3619 et
923 3566 951 3620 ΙΙ.
970 3565 1036 3620 Patr.
1055 3565 1083 3633 ³,
1105 3564 1130 3618 9.
