2738 4316
258 258 299 304 ue
322 255 547 306 courosrrmuu
570 255 700 305 uouuus
723 254 912 303 cxrumoms.
1030 235 1066 302 ll

104 361 307 428 condimento
333 360 381 428 rel
406 361 482 428 salis
506 361 555 428 vel
579 370 737 439 cocturae,
761 359 816 426 sed
848 359 960 444 cogita,
984 357 1069 444 quod

105 468 199 535 mulli
224 467 375 534 meliores
392 476 421 534 le
451 467 663 534 vilioribusol
681 465 885 552 paucioribus
901 464 981 531 cibis
997 472 1073 531 sunt

104 573 255 653 conteuti,
278 575 442 660 qui-quod
469 584 504 640 tu
528 573 638 641 abiiois
662 591 721 660 pro
745 573 867 657 maguis
883 569 1005 638 deliciis
1022 588 1071 638 re·

104 689 265 767 putarent.
291 681 464 767 Paupertas
486 680 602 747 Christi
628 679 793 746 laroilieris
816 687 846 746 el
871 677 974 745 amice
1008 677 1073 764 pla·

103 798 175 856 reat
199 788 255 854 libi
280 789 311 854 io
336 788 496 867 cornibus,
520 795 551 854 et
574 787 675 871 ipsam
699 803 772 852 cum
798 802 925 852 summo
956 791 1071 852 conatu

103 894 300 981 amplectere
326 895 355 960 io
382 896 509 973 mensis,
534 893 614 960 cibis
637 901 668 960 et
692 900 779 978 potu,
804 892 834 958 io
862 891 1014 972 vestibus,
1039 890 1070 957 iu

103 1003 309 1081 utensilibus,
333 1002 364 1068 io
390 1002 489 1081 libris,
513 1001 544 1067 io
569 1000 721 1068 aediliciis
744 1008 776 1066 et
800 999 830 1065 io
847 1000 1006 1066 omnibus.
1023 999 1072 1067 Vi·

103 1110 231 1188 demus,
255 1127 351 1195 quam
370 1107 509 1175 humiles
525 1114 634 1193 gestus
649 1123 808 1193 pauperes
825 1106 951 1186 babent,
973 1124 1069 1192 quom

102 1215 244 1300 simplex
271 1233 471 1301 responsum,
495 1233 590 1300 quam
617 1214 769 1299 pavidum
803 1215 955 1280 animum.
989 1213 1071 1279 Nuu-

103 1339 203 1406 quam
228 1321 380 1387 audiatur
403 1320 511 1405 eliqua
534 1319 734 1406 querimonia
763 1319 803 1386 de
827 1327 857 1386 le
882 1337 940 1404 pro
964 1319 1072 1405 aliquo

101 1428 234 1496 delectu
261 1436 316 1494 tuo
341 1428 371 1494 iu
396 1427 466 1494 cibo
492 1427 541 1496 vel
565 1436 643 1512 potu
666 1426 714 1493 vel
740 1425 866 1492 vestitu.
892 1427 1023 1511 Reputo,
1040 1432 1071 1492 le

104 1535 274 1618 iudignum
297 1551 367 1601 esse
391 1534 451 1613 bis,
475 1551 558 1619 quae
593 1534 701 1611 babes,
738 1533 813 1618 quia
845 1531 988 1599 delectus
1018 1549 1073 1597 ex-

105 1643 206 1709 terior
229 1640 343 1708 crescit
367 1641 397 1706 iu
421 1648 629 1724 augmentum
654 1641 774 1725 gratiae
797 1638 958 1706 iulerioris
981 1645 1013 1704 el
1040 1637 1071 1704 iu

104 1749 235 1815 divitias
251 1748 459 1814 conscientiae
476 1748 586 1826 bonae,
603 1755 732 1814 econtra
752 1747 894 1813 exterior
911 1745 1072 1812 abuudan-

105 1856 148 1922 lla
173 1855 313 1939 inopiam
350 1861 480 1939 general
510 1853 710 1921 interiorum.
742 1854 788 1920 De
819 1871 971 1920 oleosum
995 1870 1072 1920 vero

104 1962 294 2029 comedendi
321 1959 448 2028 difficile
482 1969 530 2028 est
553 1960 631 2028 dare
663 1969 783 2027 certam
820 1960 974 2046 regulam,
1011 1958 1070 2026 nisi

105 2069 192 2154 quod
220 2069 301 2134 inter
325 2067 390 2134 duo
413 2075 560 2134 extrema
584 2085 710 2152 semper
736 2066 876 2133 medium
895 2074 1014 2145 teneas
1030 2065 1072 2132 vi·

105 2175 221 2242 delicet
244 2192 284 2241 oe
307 2175 350 2241 ila
375 2193 487 2258 parum
513 2192 632 2251 sumas,
657 2182 692 2241 ut
728 2173 758 2239 io
785 2173 907 2240 viribus
942 2171 1071 2238 delicias

106 2287 136 2348 cl
161 2282 195 2346 lu
220 2279 381 2346 communi
418 2279 526 2346 labore
558 2279 733 2365 frangaris3
766 2274 912 2345 simililer
940 2295 997 2344 nec
1029 2278 1072 2343 ita

106 2389 247 2456 multum
273 2405 392 2467 sumas,
416 2397 452 2454 ut
476 2395 606 2474 propter
631 2388 769 2455 multum
794 2387 901 2454 cibum
926 2392 1070 2452 sumtum

106 2516 168 2563 noo
196 2496 299 2581 possis
322 2513 416 2562 orare
440 2494 490 2563 vel
519 2496 625 2580 legere
655 2494 820 2579 relegitis
852 2511 922 2561 esse
952 2493 992 2560 ad
1023 2509 1071 2572 ea,

106 2620 190 2688 quae
213 2601 270 2668 tibi
297 2601 546 2687 praecipiuntur.
572 2601 604 2666 ln
628 2601 697 2668 istis
722 2600 850 2686 propria
874 2597 1072 2684 experientia

106 2725 180 2775 cum
205 2709 321 2776 devote
345 2708 508 2775 voluntate
532 2708 717 2775 meliorest
742 2706 903 2792 magistra.

447 2903 631 2970 Clmruuuu
654 2903 728 2971 Vlll.

223 3063 270 3130 De
292 3062 473 3149 disciplima
496 3063 667 3129 servando
691 3062 726 3127 io
749 3059 958 3128 dormitorio.

201 3241 229 3303 t.
254 3238 287 3304 lo
312 3237 499 3306 dormitorio
522 3245 589 3305 esto
612 3239 751 3324 quietus,
772 3255 811 3303 ue
827 3236 943 3322 aliquis
967 3253 1023 3321 per
1041 3243 1071 3302 le
1119 3236 1122 3242 “

107 3345 215 3432 aliquo
232 3344 327 3411 modo
350 3343 545 3431 inquietetur
561 3345 628 3412 sire
643 3363 750 3425 oreos,
766 3343 834 3411 sive
858 3342 1000 3410 dormire
1017 3361 1071 3408 vo·

107 3451 185 3520 leus.
210 3453 339 3537 Quoties
362 3457 469 3519 autem
486 3451 698 3536 evigilaveris,
723 3451 828 3518 statim
849 3458 997 3517 occurrat
1014 3449 1069 3516 tibi

107 3559 262 3628 memoria
277 3558 333 3626 Dei
350 3565 381 3626 et
396 3558 466 3626 eius
483 3559 639 3644 passionis
654 3574 727 3626 cum
740 3557 922 3660 gratiarum
935 3556 1069 3634 actione,
