2742 4320
298 272 338 318 on
363 271 405 318 vrr
428 269 639 321 enocessreus.
666 272 836 322 rnocnssus
860 274 912 321 vn.
974 255 976 262 ’
1024 255 1089 324 375

126 383 194 456 ret;
217 367 311 445 ualde
336 395 409 446 raro
432 377 620 446 accederent
636 379 676 446 ad
695 377 774 446 illud
790 378 966 447 terrificum
983 381 1091 448 Sacra·

126 491 281 552 mentum.
318 484 378 551 Vix
411 491 516 552 tamen
547 485 664 572 aliquis
696 486 739 552 ita
770 485 938 572 religiosus
962 486 1090 555 videtur

124 598 243 658 esseut
266 597 405 671 sanctos,
422 591 565 678 exceptis
588 593 819 674 sacerdotibus
835 594 912 680 quin
937 593 1035 662 semel
1056 594 1089 661 in

124 697 329 765 bebdomada
353 697 491 767 sufficiat
513 701 541 766 ei
574 717 615 768 ex
652 701 881 768 consuetudine
910 701 1089 768 communi·

123 821 208 885 care,
232 803 292 872 nisi
318 805 464 893 specialis
487 824 584 874 causa
618 807 811 894 quandoque
841 814 874 874 et
907 826 982 875 raro
1015 808 1088 894 plus

124 912 270 993 suadeat,
294 920 330 980 ut
352 912 522 980 infirmitas
545 914 786 1000 superveniens
810 915 860 982 rel
883 915 1088 1002 singulariter

123 1017 276 1086 solemnis
299 1019 463 1100 festivitas,
481 1019 531 1088 vel
547 1020 716 1088 inusitatae
736 1021 914 1089 devotionis
929 1023 1036 1090 ferror
1057 1029 1088 1092 et

122 1127 336 1214 intemperata
359 1127 509 1210 desiderii
534 1129 602 1196 sitis
626 1145 684 1212 pro
701 1129 788 1197 illius
804 1132 1015 1216 susceptione,
1031 1129 1087 1216 qui

123 1233 212 1302 solus
236 1233 354 1302 sufficit
376 1236 525 1302 ardorem
542 1253 577 1303 so
592 1237 728 1303 amantis
745 1237 870 1304 animae
886 1237 1086 1323 refrigerare.

124 1341 161 1409 lit
184 1343 259 1428 quia
283 1341 355 1409 talis
378 1341 504 1410 ardoris
529 1343 667 1429 impetus
685 1328 746 1410 noo
764 1344 860 1410 nisia
883 1344 1002 1431 Spiritu
1019 1361 1087 1412 san·

123 1455 174 1516 cto
190 1447 380 1530 infunditur,
396 1449 468 1517 ideo
485 1449 609 1536 legibus
626 1450 784 1518 bumanae
801 1450 1040 1518 consuetudinis
1055 1457 1087 1518 et

122 1554 251 1624 statutis
276 1555 457 1623 mortalium
482 1575 544 1624 non
561 1565 721 1637 arctatur;
746 1557 828 1624 sicut
849 1556 974 1642 aliquos
989 1574 1087 1642 quan·

122 1661 229 1749 doque
257 1661 407 1742 vidimus
431 1662 505 1730 licet
539 1682 669 1751 paucos,
700 1663 819 1750 quibus
851 1663 958 1729 oluere
990 1661 1087 1730 Citri-

120 1777 195 1834 utus
218 1776 292 1836 erut
309 1767 333 1848 ¹,
357 1769 400 1836 ita
424 1778 469 1849 ut,
494 1769 519 1838 si
544 1789 606 1837 non
622 1769 821 1857 frequentius
845 1787 926 1856 pane
941 1769 1024 1837 vitae
1039 1785 1086 1838 re·

121 1875 294 1944 densentur
311 1878 594 1958 sacramentaliter,
610 1876 700 1965 quasi
720 1878 912 1946 videbantur
937 1878 1001 1945 rita'
1017 1895 1083 1946 cor-

121 1981 295 2068 parisiam
320 1982 402 2050 velle
426 1983 573 2064 delicere,
598 1985 780 2070 patentibus
804 1984 929 2052 indiciis
952 1984 1086 2071 proden-

120 2088 209 2155 tibus
232 2089 318 2156 hunc
342 2088 510 2157 defectum.
536 2091 572 2158 Et
594 2091 739 2178 quiante
763 2099 827 2158 lam
845 2090 966 2159 debiles
983 2099 1084 2172 erant,

120 2196 207 2281 quod
232 2213 289 2264 nec
314 2199 473 2264 incessum
498 2197 656 2264 directum
682 2197 801 2266 babere
824 2204 981 2284 poterant,
1013 2206 1085 2283 post

119 2304 357 2390 perceptionem
372 2304 458 2372 illius
467 2305 660 2372 sacramenti
674 2311 798 2372 tantum
812 2304 1083 2384 confortabantur,

119 2410 212 2496 quasi
230 2410 351 2479 nullam
369 2417 441 2479 ante
458 2411 615 2479 senserint
631 2410 837 2491 debilitatem,
851 2411 1016 2478 manifeste
1032 2429 1084 2496 ap

118 2523 252 2602 parente
277 2516 363 2585 illius
387 2518 560 2586 sententiae
577 2519 726 2586 veritate:
746 2517 834 2584 Coro
850 2535 925 2583 mee
945 2536 1019 2583 vere
1035 2525 1083 2584 cut

118 2619 227 2700 cidere,
243 2629 272 2688 et
287 2621 430 2709 scopula
452 2642 546 2690 meus
569 2642 644 2690 vere
659 2631 708 2690 esf
720 2631 819 2708 potus
833 2621 863 2701 ²;
878 2622 954 2708 quia
970 2621 1081 2689 nullus

27 2735 30 2742 '
117 2728 210 2796 cibus
228 2729 401 2796 materialis
419 2730 468 2797 vel
489 2738 583 2816 potus
606 2738 712 2816 posset
736 2729 780 2796 sic
797 2729 944 2797 celeriter
964 2735 996 2797 et
1019 2727 1082 2796 effi·

117 2835 236 2903 caciter
260 2854 322 2903 nun
347 2837 450 2904 solnm
475 2855 603 2923 corpus,
627 2836 682 2904 sed
707 2843 740 2903 et
761 2835 901 2903 animam
926 2853 1081 2904 recreare.

209 2947 240 3011 t.
265 2944 398 3012 Salubre
422 2950 471 3012 est
494 2951 600 3012 tamen
616 2951 648 3011 et
663 2943 751 3024 utile,
768 2944 855 3029 quod
872 2945 967 3013 bomo
988 2961 1082 3030 saepe

118 3067 154 3118 se
176 3052 217 3118 acl
244 3052 328 3120 illins
353 3050 574 3119 medicamenti
598 3051 834 3137 susceptionem
856 3056 1037 3138 praeparet,
1050 3057 1082 3117 et

118 3165 238 3243 quanto
258 3159 406 3227 devotius
424 3158 517 3239 valet,
533 3158 612 3226 illud
633 3157 799 3244 percipere
823 3158 949 3226 studeat
964 3164 1082 3243 etpost

118 3265 354 3352 perceptionem
379 3266 409 3332 in
434 3265 542 3332 studio
565 3264 742 3334 devotionis
771 3281 805 3332 se
839 3270 1005 3332 conservet
1038 3269 1082 3330 at·

119 3371 248 3452 tentius,
273 3372 412 3439 maxime
436 3371 583 3459 Religiosi
606 3378 637 3439 et
660 3371 714 3458 qui
741 3389 775 3439 se
798 3369 985 3438 obtulerunt
1014 3369 1079 3436 [teo

118 3478 157 3545 ad
184 3485 339 3564 perpetuo
362 3479 586 3559 serviendum3
611 3478 656 3546 sic
678 3479 764 3547 enim
787 3485 883 3546 erunt
910 3477 941 3544 in
967 3477 1080 3545 maiori

191 3601 200 3633 ²
222 3604 284 3657 enit.
306 3604 330 3672 l,
351 3605 394 3657 et.
673 3600 773 3658 ‘roan
792 3603 819 3670 c,
840 3603 883 3656 uo.
