2738 4316
258 220 298 266 nu
321 217 547 268 courosrrronu
571 219 699 269 nonnus
722 219 912 269 nxrnnmnrs.
1027 201 1070 270 33

107 343 274 410 nunquam
313 342 386 392 oum
422 323 530 411 aliqua
560 324 695 392 muliere
732 326 902 393 contrahas
934 325 1070 412 singula·

108 448 177 498 rem
201 429 461 510 familiaritatem,
484 430 606 498 etiamsi
631 430 780 517 religiosa
803 431 845 498 sit
879 441 910 498 et
943 439 1073 510 saneta;

106 537 194 624 quia,
218 521 353 622 eroepto
369 536 512 622 periculo
539 536 676 604 carnalis
703 537 894 618 tentationis,
916 538 1003 624 quod
1028 554 1071 606 ex

107 643 162 712 tali
187 643 402 712 familiaritate
425 661 553 730 semper
576 644 763 724 incurritur,
792 645 871 712 dum
896 663 959 711 non
982 645 1070 714 time·

107 760 162 820 tur
180 751 311 831 malum,
327 751 414 837 quod
431 751 492 818 sun
508 751 613 836 speeie
629 751 702 820 boni
721 752 806 832 latet,
822 758 957 838 exeepta
974 752 1069 820 etiam

107 857 235 926 maoula
258 857 407 925 infamiae
430 867 462 925 et
485 858 684 944 suspicionis
716 875 812 944 quam
849 857 902 925 alii
937 859 979 926 ob
1010 859 1071 928 hoo

108 981 203 1049 saepo
238 963 431 1050 oonoipiunt,
466 981 613 1048 magnam
649 971 780 1049 generat
814 963 1069 1051 inquietudinem

107 1070 215 1139 cordis
238 1069 310 1137 talis
334 1070 458 1155 privata
489 1069 623 1149 affectio,
655 1070 733 1136 dnm
758 1088 885 1157 semper
909 1070 954 1137 illi
979 1071 1070 1157 cupis

107 1177 278 1245 ostendere
302 1175 512 1255 dilectionem,
536 1193 632 1262 quam
657 1176 758 1244 nabes
785 1177 825 1244 ad
850 1195 931 1258 eam,
955 1185 986 1245 et
1010 1178 1070 1245 huo

107 1282 167 1350 sibi
193 1288 304 1349 notum
329 1281 397 1348 lieri
423 1282 604 1358 desideras;
628 1289 660 1349 et
694 1301 767 1350 oum
799 1283 972 1369 aliquando
1007 1261 1070 1350 no'n

107 1389 155 1471 fit,
179 1389 270 1458 doles
301 1397 333 1457 et
366 1390 468 1469 times,
492 1389 578 1476 quod
613 1389 797 1477 indignetur
829 1391 893 1470 illa,
917 1391 960 1458 ita
984 1390 1071 1475 quod

107 1497 243 1564 alienius
265 1496 337 1564 eius
359 1513 400 1564 ex
425 1497 485 1564 hoe
510 1503 647 1581 tepeseat
672 1505 703 1565 et
727 1498 834 1565 minus
856 1504 925 1565 oret
950 1515 1008 1582 pro
1029 1505 1070 1565 te.

108 1604 245 1671 Eeontra
268 1601 322 1670 illa
345 1604 439 1670 etiam
464 1605 625 1682 turbatur,
648 1604 674 1671 si
699 1604 795 1684 videt,
820 1604 905 1690 quod
930 1603 1070 1690 aliquam

107 1709 205 1777 aliam
231 1709 364 1795 benigne
388 1710 517 1790 salutm,
542 1710 592 1776 vel
627 1710 652 1776 si
688 1710 796 1797 aliquo
819 1719 962 1795 tempore
986 1709 1073 1780 dille·
1197 1745 1199 1750 ·

107 1834 174 1896 ras,
199 1814 284 1902 quod
308 1833 378 1882 eam
403 1835 465 1882 non
490 1816 598 1884 rideas
622 1816 672 1884 vel
709 1835 771 1882 non
795 1816 934 1896 salutes3
957 1822 989 1883 et
1012 1816 1072 1883 im-

106 1928 262 2009 properat
284 1921 352 2001 tilti,
375 1923 461 2008 quod
485 1922 579 1989 aliam
616 1922 731 2008 diligas
767 1940 843 2008 prae
874 1940 908 1990 se
931 1931 962 1990 et
986 1922 1071 2009 quod

105 2028 218 2094 minus
241 2045 313 2094 ores
348 2046 407 2113 pro
437 2045 485 2108 ea,
509 2037 540 2096 et
575 2029 741 2108 irascitur;
765 2037 797 2096 et
832 2029 932 2097 multa
956 2029 1073 2096 similia

105 2135 202 2215 fiunt,
226 2152 307 2220 quae
332 2152 406 2202 vere
430 2142 505 2202 sunt
529 2135 660 2213 trullae;
685 2145 717 2203 et
732 2136 836 2202 bonus
851 2136 958 2214 nomo,
974 2136 1069 2203 etiam

106 2241 294 2320 saecularis,
316 2259 335 2307 a
358 2240 479 2309 fortiori
505 2242 680 2326 Religiosus
707 2261 769 2309 non
806 2242 900 2309 debet
924 2243 984 2309 isto
1019 2241 1073 2308 ali-

105 2354 269 2434 quatenus
291 2347 460 2414 admittere
483 2365 541 2415 neo
565 2366 619 2416 eor
652 2367 747 2416 suum
773 2349 804 2414 in
829 2348 948 2416 talibus
982 2367 1072 2416 noeu-

105 2471 196 2541 pare.
233 2454 341 2521 Oratio
377 2455 462 2522 enim
493 2473 605 2522 earnm
639 2473 701 2522 non
733 2462 837 2542 potest
861 2464 983 2522 tantum
1009 2456 1073 2522 oui-

105 2578 206 2648 quam
231 2561 393 2647 prodesse,
417 2568 572 2648 quantum
598 2568 702 2646 potest
733 2561 805 2629 talis
839 2562 1005 2648 occupatio
1041 2562 1072 2628 in

105 2667 332 2754 spiritualibus
356 2667 471 2734 studiis
502 2667 670 2752 impedire,
693 2668 769 2753 quia
792 2668 886 2735 etiam
911 2667 980 2753 ipsa
1004 2669 1074 2735 eius

105 2774 213 2842 oratio
236 2773 290 2840 tali
326 2774 444 2841 carnali
480 2772 636 2841 affectioni
673 2773 834 2860 permixta
869 2774 934 2840 Deo
958 2784 1007 2842 est
1031 2775 1074 2841 in·

105 2881 223 2968 sipida.

200 2991 232 3055 ἰ).
264 2989 355 3074 Quod
389 2994 495 3055 autem
528 2987 665 3055 earnalis
700 2987 741 3055 sit
775 2987 836 3055 ista
871 2987 998 3055 dileetio
1029 3004 1070 3054 ex

106 3113 227 3180 magna
252 3101 352 3180 parte,
374 3101 478 3180 potest
502 3095 597 3160 lromo
620 3093 820 3180 perpendere
843 3095 875 3161 in
893 3095 963 3173 hoo,
987 3093 1073 3179 quod

107 3202 213 3288 magis
237 3208 267 3270 to
290 3201 386 3269 uellet
409 3219 479 3269 esse
510 3201 598 3286 apud
629 3218 663 3268 se
696 3203 803 3267 minus
826 3199 1014 3285 perfeetum,
1038 3207 1075 3266 ut

107 3326 206 3395 saepe
231 3317 338 3395 posset
369 3309 415 3377 tui
450 3308 572 3395 copiam
604 3307 735 3388 habere,
758 3325 857 3394 quam
882 3305 975 3393 lunge
998 3325 1016 3372 a
1040 3323 1074 3374 se

78 3415 184 3504 ‚ptus
207 3414 396 3502 perfeetum.
420 3415 543 3502 Quibus
574 3422 682 3481 autem
715 3413 841 3482 indiciis
872 3414 1074 3481 discernatur

107 3520 286 3608 spiritualis
310 3520 437 3588 dileetio
460 3518 626 3598 acarnali,
644 3518 738 3585 modo
755 3520 983 3603 praetermitto,
999 3517 1074 3604 quia

987 3643 1002 3694 a
