<?xml version="1.0" encoding="UTF-8"?>
<!DOCTYPE html PUBLIC "-//W3C//DTD XHTML 1.0 Transitional//EN"
    "http://www.w3.org/TR/xhtml1/DTD/xhtml1-transitional.dtd">
<html xmlns="http://www.w3.org/1999/xhtml" xml:lang="en" lang="en">
 <head>
  <title>
</title>
<meta http-equiv="Content-Type" content="text/html;charset=utf-8" />
  <meta name='ocr-system' content='tesseract 3.04.00' />
  <meta name='ocr-capabilities' content='ocr_page ocr_carea ocr_par ocr_line ocrx_word'/>
</head>
<body>
  <div class='ocr_page' id='page_1' title='image "./deexterioriseti00davigoog_0410.png"; bbox 0 0 2742 4320; ppageno 0'>
   <div class='ocr_carea' id='block_1_1' title="bbox 285 229 1072 299">
    <p class='ocr_par' dir='ltr' id='par_1_1' title="bbox 285 229 1072 299">
     <span class='ocr_line' id='line_1_1' title="bbox 285 229 1072 299; baseline 0.003 -2"><span class='ocrx_word' id='word_1_1' title='bbox 285 251 325 298; x_wconf 86' lang='lat' dir='ltr'>nu</span> <span class='ocrx_word' id='word_1_2' title='bbox 350 250 391 297; x_wconf 92' lang='lat' dir='ltr'>vn</span> <span class='ocrx_word' id='word_1_3' title='bbox 415 249 625 298; x_wconf 84' lang='lat' dir='ltr'>rxocnssrnus.</span> <span class='ocrx_word' id='word_1_4' title='bbox 650 249 823 298; x_wconf 79' lang='lat' dir='ltr'>rnocussus</span> <span class='ocrx_word' id='word_1_5' title='bbox 846 249 898 298; x_wconf 89' lang='lat' dir='ltr'>vu.</span> <span class='ocrx_word' id='word_1_6' title='bbox 1009 229 1072 299; x_wconf 79' lang='lat'>365</span> 
     </span>
    </p>
   </div>
   <div class='ocr_carea' id='block_1_2' title="bbox 108 354 1076 1830">
    <p class='ocr_par' dir='ltr' id='par_1_2' title="bbox 108 354 1076 1830">
     <span class='ocr_line' id='line_1_2' title="bbox 108 354 1073 442; baseline -0.001 -18"><span class='ocrx_word' id='word_1_7' title='bbox 108 354 256 435; x_wconf 89' lang='lat' dir='ltr'>credere,</span> <span class='ocrx_word' id='word_1_8' title='bbox 280 354 474 441; x_wconf 73' lang='lat' dir='ltr'>deceptionis</span> <span class='ocrx_word' id='word_1_9' title='bbox 497 355 620 421; x_wconf 83' lang='lat' dir='ltr'>lorcam</span> <span class='ocrx_word' id='word_1_10' title='bbox 646 356 769 436; x_wconf 88' lang='lat' dir='ltr'>timere,</span> <span class='ocrx_word' id='word_1_11' title='bbox 786 355 958 442; x_wconf 86' lang='lat' dir='ltr'>aliquando</span> <span class='ocrx_word' id='word_1_12' title='bbox 978 357 1073 423; x_wconf 89' lang='lat' dir='ltr'>etiam</span> 
     </span>
     <span class='ocr_line' id='line_1_3' title="bbox 108 461 1075 547; baseline 0.001 -19"><span class='ocrx_word' id='word_1_13' title='bbox 108 462 219 529; x_wconf 89' lang='lat' dir='ltr'>oblate</span> <span class='ocrx_word' id='word_1_14' title='bbox 237 461 324 528; x_wconf 88' lang='lat' dir='ltr'>velut</span> <span class='ocrx_word' id='word_1_15' title='bbox 340 462 445 527; x_wconf 89' lang='lat' dir='ltr'>minus</span> <span class='ocrx_word' id='word_1_16' title='bbox 460 461 624 528; x_wconf 78' lang='lat' dir='ltr'>fructuosa</span> <span class='ocrx_word' id='word_1_17' title='bbox 641 462 884 547; x_wconf 84' lang='lat' dir='ltr'>parvipendere,</span> <span class='ocrx_word' id='word_1_18' title='bbox 897 470 942 544; x_wconf 88' lang='lat' dir='ltr'>ut,</span> <span class='ocrx_word' id='word_1_19' title='bbox 959 463 984 529; x_wconf 93' lang='lat' dir='ltr'>si</span> <span class='ocrx_word' id='word_1_20' title='bbox 999 481 1075 529; x_wconf 87' lang='lat' dir='ltr'>vera</span> 
     </span>
     <span class='ocr_line' id='line_1_4' title="bbox 108 568 1076 649; baseline 0.001 -13"><span class='ocrx_word' id='word_1_21' title='bbox 108 569 186 648; x_wconf 91' lang='lat' dir='ltr'>sint,</span> <span class='ocrx_word' id='word_1_22' title='bbox 210 586 244 636; x_wconf 88' lang='lat' dir='ltr'>se</span> <span class='ocrx_word' id='word_1_23' title='bbox 269 568 406 636; x_wconf 88' lang='lat' dir='ltr'>habeant</span> <span class='ocrx_word' id='word_1_24' title='bbox 431 568 648 636; x_wconf 79' lang='lat' dir='ltr'>indifferenter</span> <span class='ocrx_word' id='word_1_25' title='bbox 671 569 712 635; x_wconf 94' lang='lat' dir='ltr'>ad</span> <span class='ocrx_word' id='word_1_26' title='bbox 736 587 784 645; x_wconf 83' lang='lat' dir='ltr'>ea,</span> <span class='ocrx_word' id='word_1_27' title='bbox 801 569 827 636; x_wconf 92' lang='lat' dir='ltr'>si</span> <span class='ocrx_word' id='word_1_28' title='bbox 843 569 932 649; x_wconf 83' lang='lat' dir='ltr'>falsa,</span> <span class='ocrx_word' id='word_1_29' title='bbox 949 588 1011 636; x_wconf 90' lang='lat' dir='ltr'>non</span> <span class='ocrx_word' id='word_1_30' title='bbox 1027 571 1076 637; x_wconf 92' lang='lat' dir='ltr'>in-</span> 
     </span>
     <span class='ocr_line' id='line_1_5' title="bbox 108 675 1074 762; baseline -0.001 -18"><span class='ocrx_word' id='word_1_31' title='bbox 108 677 256 744; x_wconf 87' lang='lat' dir='ltr'>nitantur</span> <span class='ocrx_word' id='word_1_32' title='bbox 280 676 337 756; x_wconf 88' lang='lat' dir='ltr'>eis,</span> <span class='ocrx_word' id='word_1_33' title='bbox 360 694 400 743; x_wconf 90' lang='lat' dir='ltr'>ne</span> <span class='ocrx_word' id='word_1_34' title='bbox 424 675 642 762; x_wconf 88' lang='lat' dir='ltr'>decipiantur;</span> <span class='ocrx_word' id='word_1_35' title='bbox 666 686 697 742; x_wconf 91' lang='lat' dir='ltr'>et</span> <span class='ocrx_word' id='word_1_36' title='bbox 720 677 746 743; x_wconf 89' lang='lat' dir='ltr'>si</span> <span class='ocrx_word' id='word_1_37' title='bbox 772 677 871 744; x_wconf 85' lang='lat' dir='ltr'>velint</span> <span class='ocrx_word' id='word_1_38' title='bbox 895 679 1074 758; x_wconf 86' lang='lat' dir='ltr'>advertere,</span> 
     </span>
     <span class='ocr_line' id='line_1_6' title="bbox 109 783 1076 871; baseline 0 -20"><span class='ocrx_word' id='word_1_39' title='bbox 109 789 269 871; x_wconf 89' lang='lat' dir='ltr'>quaerant</span> <span class='ocrx_word' id='word_1_40' title='bbox 292 801 391 869; x_wconf 86' lang='lat' dir='ltr'>super</span> <span class='ocrx_word' id='word_1_41' title='bbox 414 783 464 850; x_wconf 87' lang='lat' dir='ltr'>his</span> <span class='ocrx_word' id='word_1_42' title='bbox 487 783 655 850; x_wconf 86' lang='lat' dir='ltr'>consilium</span> <span class='ocrx_word' id='word_1_43' title='bbox 677 783 856 868; x_wconf 87' lang='lat' dir='ltr'>sapientum</span> <span class='ocrx_word' id='word_1_44' title='bbox 874 783 1076 851; x_wconf 91' lang='lat' dir='ltr'>solummodo</span> 
     </span>
     <span class='ocr_line' id='line_1_7' title="bbox 109 889 1075 976; baseline 0.001 -19"><span class='ocrx_word' id='word_1_45' title='bbox 109 897 145 958; x_wconf 87' lang='lat' dir='ltr'>et</span> <span class='ocrx_word' id='word_1_46' title='bbox 168 907 345 976; x_wconf 88' lang='lat' dir='ltr'>paucorum</span> <span class='ocrx_word' id='word_1_47' title='bbox 369 896 401 957; x_wconf 92' lang='lat' dir='ltr'>et</span> <span class='ocrx_word' id='word_1_48' title='bbox 421 890 462 956; x_wconf 90' lang='lat' dir='ltr'>ad</span> <span class='ocrx_word' id='word_1_49' title='bbox 483 889 537 955; x_wconf 88' lang='lat' dir='ltr'>illa</span> <span class='ocrx_word' id='word_1_50' title='bbox 553 890 695 956; x_wconf 80' lang='lat' dir='ltr'>studiose</span> <span class='ocrx_word' id='word_1_51' title='bbox 711 907 779 958; x_wconf 89' lang='lat' dir='ltr'>sese</span> <span class='ocrx_word' id='word_1_52' title='bbox 795 899 976 970; x_wconf 80' lang='lat' dir='ltr'>exerceant,</span> <span class='ocrx_word' id='word_1_53' title='bbox 992 908 1075 976; x_wconf 88' lang='lat' dir='ltr'>quae</span> 
     </span>
     <span class='ocr_line' id='line_1_8' title="bbox 110 994 1073 1080; baseline -0.002 -16"><span class='ocrx_word' id='word_1_54' title='bbox 110 1003 189 1064; x_wconf 89' lang='lat' dir='ltr'>sunt</span> <span class='ocrx_word' id='word_1_55' title='bbox 212 1013 326 1063; x_wconf 88' lang='lat' dir='ltr'>secura</span> <span class='ocrx_word' id='word_1_56' title='bbox 348 1003 379 1062; x_wconf 91' lang='lat' dir='ltr'>et</span> <span class='ocrx_word' id='word_1_57' title='bbox 414 994 577 1062; x_wconf 88' lang='lat' dir='ltr'>meritoria</span> <span class='ocrx_word' id='word_1_58' title='bbox 602 1000 639 1062; x_wconf 85' lang='lat' dir='ltr'>at</span> <span class='ocrx_word' id='word_1_59' title='bbox 673 995 847 1074; x_wconf 87' lang='lat' dir='ltr'>fructuosa,</span> <span class='ocrx_word' id='word_1_60' title='bbox 882 1013 964 1080; x_wconf 87' lang='lat' dir='ltr'>quae</span> <span class='ocrx_word' id='word_1_61' title='bbox 999 1002 1073 1062; x_wconf 91' lang='lat' dir='ltr'>sunt</span> 
     </span>
     <span class='ocr_line' id='line_1_9' title="bbox 110 1101 1075 1189; baseline -0.001 -19"><span class='ocrx_word' id='word_1_62' title='bbox 110 1103 191 1170; x_wconf 87' lang='lat' dir='ltr'>vitia</span> <span class='ocrx_word' id='word_1_63' title='bbox 214 1103 395 1189; x_wconf 89' lang='lat' dir='ltr'>exstirpare</span> <span class='ocrx_word' id='word_1_64' title='bbox 429 1110 460 1169; x_wconf 87' lang='lat' dir='ltr'>et</span> <span class='ocrx_word' id='word_1_65' title='bbox 490 1103 646 1169; x_wconf 87' lang='lat' dir='ltr'>virtutum</span> <span class='ocrx_word' id='word_1_66' title='bbox 680 1101 795 1170; x_wconf 90' lang='lat' dir='ltr'>studiis</span> <span class='ocrx_word' id='word_1_67' title='bbox 829 1101 968 1170; x_wconf 89' lang='lat' dir='ltr'>fideliter</span> <span class='ocrx_word' id='word_1_68' title='bbox 991 1102 1075 1169; x_wconf 90' lang='lat' dir='ltr'>insu·</span> 
     </span>
     <span class='ocr_line' id='line_1_10' title="bbox 111 1209 1073 1296; baseline -0.002 -18"><span class='ocrx_word' id='word_1_69' title='bbox 111 1210 202 1292; x_wconf 89' lang='lat' dir='ltr'>dara,</span> <span class='ocrx_word' id='word_1_70' title='bbox 227 1229 335 1278; x_wconf 86' lang='lat' dir='ltr'>sacrae</span> <span class='ocrx_word' id='word_1_71' title='bbox 359 1210 541 1296; x_wconf 81' lang='lat' dir='ltr'>Scripturas</span> <span class='ocrx_word' id='word_1_72' title='bbox 565 1227 679 1277; x_wconf 88' lang='lat' dir='ltr'>sanum</span> <span class='ocrx_word' id='word_1_73' title='bbox 715 1210 852 1276; x_wconf 86' lang='lat' dir='ltr'>scrutari</span> <span class='ocrx_word' id='word_1_74' title='bbox 878 1209 1073 1276; x_wconf 86' lang='lat' dir='ltr'>intellectum</span> 
     </span>
     <span class='ocr_line' id='line_1_11' title="bbox 111 1316 1075 1403; baseline -0.003 -18"><span class='ocrx_word' id='word_1_75' title='bbox 111 1326 145 1385; x_wconf 88' lang='lat' dir='ltr'>et</span> <span class='ocrx_word' id='word_1_76' title='bbox 168 1335 225 1403; x_wconf 92' lang='lat' dir='ltr'>per</span> <span class='ocrx_word' id='word_1_77' title='bbox 249 1317 401 1385; x_wconf 87' lang='lat' dir='ltr'>orationis</span> <span class='ocrx_word' id='word_1_78' title='bbox 425 1334 520 1384; x_wconf 89' lang='lat' dir='ltr'>usum</span> <span class='ocrx_word' id='word_1_79' title='bbox 546 1323 684 1384; x_wconf 92' lang='lat' dir='ltr'>mentem</span> <span class='ocrx_word' id='word_1_80' title='bbox 720 1317 894 1383; x_wconf 83' lang='lat' dir='ltr'>accendere</span> <span class='ocrx_word' id='word_1_81' title='bbox 917 1316 958 1382; x_wconf 91' lang='lat' dir='ltr'>ad</span> <span class='ocrx_word' id='word_1_82' title='bbox 982 1316 1075 1382; x_wconf 89' lang='lat' dir='ltr'>devo-</span> 
     </span>
     <span class='ocr_line' id='line_1_12' title="bbox 111 1422 1076 1491; baseline -0.002 0"><span class='ocrx_word' id='word_1_83' title='bbox 111 1424 207 1491; x_wconf 89' lang='lat' dir='ltr'>tionis</span> <span class='ocrx_word' id='word_1_84' title='bbox 241 1424 401 1491; x_wconf 82' lang='lat' dir='ltr'>allectum.</span> <span class='ocrx_word' id='word_1_85' title='bbox 438 1423 517 1490; x_wconf 87' lang='lat' dir='ltr'>llaec</span> <span class='ocrx_word' id='word_1_86' title='bbox 552 1430 627 1489; x_wconf 92' lang='lat' dir='ltr'>sunt</span> <span class='ocrx_word' id='word_1_87' title='bbox 657 1422 800 1491; x_wconf 91' lang='lat' dir='ltr'>salubria</span> <span class='ocrx_word' id='word_1_88' title='bbox 834 1432 866 1490; x_wconf 91' lang='lat' dir='ltr'>et</span> <span class='ocrx_word' id='word_1_89' title='bbox 900 1441 1014 1490; x_wconf 89' lang='lat' dir='ltr'>secura</span> <span class='ocrx_word' id='word_1_90' title='bbox 1044 1429 1076 1490; x_wconf 91' lang='lat' dir='ltr'>et</span> 
     </span>
     <span class='ocr_line' id='line_1_13' title="bbox 111 1528 1074 1615; baseline -0.003 -17"><span class='ocrx_word' id='word_1_91' title='bbox 111 1530 277 1599; x_wconf 78' lang='lat' dir='ltr'>fructuosa</span> <span class='ocrx_word' id='word_1_92' title='bbox 301 1530 407 1598; x_wconf 90' lang='lat' dir='ltr'>studia</span> <span class='ocrx_word' id='word_1_93' title='bbox 432 1528 679 1614; x_wconf 80' lang='lat' dir='ltr'>Religiosorum3</span> <span class='ocrx_word' id='word_1_94' title='bbox 703 1537 734 1595; x_wconf 92' lang='lat' dir='ltr'>et</span> <span class='ocrx_word' id='word_1_95' title='bbox 757 1536 876 1615; x_wconf 88' lang='lat' dir='ltr'>quanto</span> <span class='ocrx_word' id='word_1_96' title='bbox 895 1528 967 1613; x_wconf 87' lang='lat' dir='ltr'>quis</span> <span class='ocrx_word' id='word_1_97' title='bbox 991 1546 1025 1596; x_wconf 89' lang='lat' dir='ltr'>se</span> <span class='ocrx_word' id='word_1_98' title='bbox 1043 1530 1074 1595; x_wconf 93' lang='lat' dir='ltr'>in</span> 
     </span>
     <span class='ocr_line' id='line_1_14' title="bbox 112 1635 1075 1720; baseline -0.003 -17"><span class='ocrx_word' id='word_1_99' title='bbox 112 1637 177 1704; x_wconf 88' lang='lat' dir='ltr'>illis</span> <span class='ocrx_word' id='word_1_100' title='bbox 200 1637 393 1718; x_wconf 87' lang='lat' dir='ltr'>exercuerit,</span> <span class='ocrx_word' id='word_1_101' title='bbox 416 1642 505 1702; x_wconf 88' lang='lat' dir='ltr'>tanto</span> <span class='ocrx_word' id='word_1_102' title='bbox 529 1635 658 1702; x_wconf 90' lang='lat' dir='ltr'>maioris</span> <span class='ocrx_word' id='word_1_103' title='bbox 682 1635 787 1702; x_wconf 92' lang='lat' dir='ltr'>meriti</span> <span class='ocrx_word' id='word_1_104' title='bbox 811 1637 842 1702; x_wconf 83' lang='lat' dir='ltr'>et</span> <span class='ocrx_word' id='word_1_105' title='bbox 860 1635 988 1702; x_wconf 88' lang='lat' dir='ltr'>maioris</span> <span class='ocrx_word' id='word_1_106' title='bbox 1012 1635 1075 1720; x_wconf 80' lang='lat' dir='ltr'>glo</span> 
     </span>
     <span class='ocr_line' id='line_1_15' title="bbox 112 1742 509 1830; baseline -0.01 -20"><span class='ocrx_word' id='word_1_107' title='bbox 112 1744 180 1812; x_wconf 88' lang='lat' dir='ltr'>riae</span> <span class='ocrx_word' id='word_1_108' title='bbox 203 1744 290 1830; x_wconf 90' lang='lat' dir='ltr'>apud</span> <span class='ocrx_word' id='word_1_109' title='bbox 314 1743 414 1812; x_wconf 87' lang='lat' dir='ltr'>Deum</span> <span class='ocrx_word' id='word_1_110' title='bbox 440 1742 509 1812; x_wconf 87' lang='lat' dir='ltr'>erit.</span> 
     </span>
    </p>
   </div>
   <div class='ocr_carea' id='block_1_3' title="bbox 426 1955 757 2025">
    <p class='ocr_par' dir='ltr' id='par_1_3' title="bbox 426 1955 757 2025">
     <span class='ocr_line' id='line_1_16' title="bbox 426 1955 757 2025; baseline -0.006 -3"><span class='ocrx_word' id='word_1_111' title='bbox 426 1957 609 2024; x_wconf 81' lang='lat' dir='ltr'>Gnnrrucuu</span> <span class='ocrx_word' id='word_1_112' title='bbox 633 1955 757 2025; x_wconf 86' lang='lat' dir='ltr'>LXVlll.</span> 
     </span>
    </p>
   </div>
   <div class='ocr_carea' id='block_1_4' title="bbox 139 2167 1157 2344">
    <p class='ocr_par' dir='ltr' id='par_1_4' title="bbox 139 2167 1157 2344">
     <span class='ocr_line' id='line_1_17' title="bbox 139 2167 1157 2269; baseline -0.001 -33"><span class='ocrx_word' id='word_1_113' title='bbox 139 2170 308 2254; x_wconf 80' lang='lat' dir='ltr'>Quomodo</span> <span class='ocrx_word' id='word_1_114' title='bbox 333 2169 369 2236; x_wconf 92' lang='lat' dir='ltr'>in</span> <span class='ocrx_word' id='word_1_115' title='bbox 391 2167 602 2236; x_wconf 80' lang='lat' dir='ltr'>sensibilibus</span> <span class='ocrx_word' id='word_1_116' title='bbox 625 2167 811 2236; x_wconf 84' lang='lat' dir='ltr'>dulcedinis</span> <span class='ocrx_word' id='word_1_117' title='bbox 834 2169 1047 2259; x_wconf 76' lang='lat' dir='ltr'>experientiis</span> <span class='ocrx_word' id='word_1_118' title='bbox 1153 2259 1157 2269; x_wconf 92' lang='lat'>.</span> 
     </span>
     <span class='ocr_line' id='line_1_18' title="bbox 369 2273 811 2344; baseline -0.005 -1"><span class='ocrx_word' id='word_1_119' title='bbox 369 2297 404 2343; x_wconf 89' lang='lat' dir='ltr'>se</span> <span class='ocrx_word' id='word_1_120' title='bbox 428 2275 523 2343; x_wconf 89' lang='lat' dir='ltr'>bomo</span> <span class='ocrx_word' id='word_1_121' title='bbox 546 2273 667 2342; x_wconf 85' lang='lat' dir='ltr'>bebere</span> <span class='ocrx_word' id='word_1_122' title='bbox 690 2275 811 2344; x_wconf 85' lang='lat' dir='ltr'>debent.</span> 
     </span>
    </p>
   </div>
   <div class='ocr_carea' id='block_1_5' title="bbox 115 2487 1153 3645">
    <p class='ocr_par' dir='ltr' id='par_1_5' title="bbox 115 2487 1153 3645">
     <span class='ocr_line' id='line_1_19' title="bbox 207 2487 1076 2575; baseline -0.001 -19"><span class='ocrx_word' id='word_1_123' title='bbox 207 2493 235 2556; x_wconf 90' lang='lat' dir='ltr'>l.</span> <span class='ocrx_word' id='word_1_124' title='bbox 260 2491 339 2556; x_wconf 86' lang='lat' dir='ltr'>Sunt</span> <span class='ocrx_word' id='word_1_125' title='bbox 362 2490 457 2556; x_wconf 92' lang='lat' dir='ltr'>etiam</span> <span class='ocrx_word' id='word_1_126' title='bbox 482 2489 640 2575; x_wconf 85' lang='lat' dir='ltr'>quaedam</span> <span class='ocrx_word' id='word_1_127' title='bbox 664 2489 832 2557; x_wconf 82' lang='lat' dir='ltr'>sensibiles</span> <span class='ocrx_word' id='word_1_128' title='bbox 848 2487 1027 2555; x_wconf 84' lang='lat' dir='ltr'>dulcedinis</span> <span class='ocrx_word' id='word_1_129' title='bbox 1043 2495 1076 2555; x_wconf 89' lang='lat' dir='ltr'>et</span> 
     </span>
     <span class='ocr_line' id='line_1_20' title="bbox 115 2580 1127 2683; baseline -0.005 -18"><span class='ocrx_word' id='word_1_130' title='bbox 115 2597 282 2665; x_wconf 88' lang='lat' dir='ltr'>suavitatis</span> <span class='ocrx_word' id='word_1_131' title='bbox 306 2597 533 2683; x_wconf 82' lang='lat' dir='ltr'>experientiae,</span> <span class='ocrx_word' id='word_1_132' title='bbox 556 2615 639 2683; x_wconf 86' lang='lat' dir='ltr'>quae</span> <span class='ocrx_word' id='word_1_133' title='bbox 670 2597 794 2664; x_wconf 89' lang='lat' dir='ltr'>devotis</span> <span class='ocrx_word' id='word_1_134' title='bbox 817 2595 1009 2682; x_wconf 86' lang='lat' dir='ltr'>quandoque</span> <span class='ocrx_word' id='word_1_135' title='bbox 1034 2594 1077 2660; x_wconf 89' lang='lat' dir='ltr'>in·</span> <span class='ocrx_word' id='word_1_136' title='bbox 1124 2580 1127 2590; x_wconf 73' lang='grc'>’</span> 
     </span>
     <span class='ocr_line' id='line_1_21' title="bbox 115 2701 1153 2788; baseline -0.003 -18"><span class='ocrx_word' id='word_1_137' title='bbox 115 2704 306 2784; x_wconf 80' lang='lat' dir='ltr'>funduntur,</span> <span class='ocrx_word' id='word_1_138' title='bbox 324 2713 359 2771; x_wconf 90' lang='lat' dir='ltr'>ut</span> <span class='ocrx_word' id='word_1_139' title='bbox 377 2704 531 2771; x_wconf 88' lang='lat' dir='ltr'>mirabilis</span> <span class='ocrx_word' id='word_1_140' title='bbox 555 2703 729 2788; x_wconf 83' lang='lat' dir='ltr'>fragrantia</span> <span class='ocrx_word' id='word_1_141' title='bbox 745 2703 892 2782; x_wconf 89' lang='lat' dir='ltr'>odorum,</span> <span class='ocrx_word' id='word_1_142' title='bbox 910 2701 1078 2768; x_wconf 82' lang='lat' dir='ltr'>ineffabilis</span> <span class='ocrx_word' id='word_1_143' title='bbox 1151 2707 1153 2712; x_wconf 86' lang='lat'>&#39;</span> 
     </span>
     <span class='ocr_line' id='line_1_22' title="bbox 116 2808 1076 2896; baseline -0.007 -17"><span class='ocrx_word' id='word_1_144' title='bbox 116 2812 257 2879; x_wconf 88' lang='lat' dir='ltr'>suavitas</span> <span class='ocrx_word' id='word_1_145' title='bbox 281 2829 433 2896; x_wconf 89' lang='lat' dir='ltr'>saporum</span> <span class='ocrx_word' id='word_1_146' title='bbox 457 2818 488 2878; x_wconf 86' lang='lat' dir='ltr'>et</span> <span class='ocrx_word' id='word_1_147' title='bbox 512 2810 701 2895; x_wconf 84' lang='lat' dir='ltr'>hymnificae</span> <span class='ocrx_word' id='word_1_148' title='bbox 726 2808 881 2876; x_wconf 86' lang='lat' dir='ltr'>melodiae</span> <span class='ocrx_word' id='word_1_149' title='bbox 905 2825 1021 2874; x_wconf 88' lang='lat' dir='ltr'>vocum</span> <span class='ocrx_word' id='word_1_150' title='bbox 1044 2814 1076 2874; x_wconf 91' lang='lat' dir='ltr'>et</span> 
     </span>
     <span class='ocr_line' id='line_1_23' title="bbox 117 2913 1074 3003; baseline -0.006 -18"><span class='ocrx_word' id='word_1_151' title='bbox 117 2935 267 2985; x_wconf 91' lang='lat' dir='ltr'>sonorum</span> <span class='ocrx_word' id='word_1_152' title='bbox 292 2925 323 2984; x_wconf 88' lang='lat' dir='ltr'>et</span> <span class='ocrx_word' id='word_1_153' title='bbox 347 2924 443 3003; x_wconf 85' lang='lat' dir='ltr'>gustu</span> <span class='ocrx_word' id='word_1_154' title='bbox 468 2923 499 2984; x_wconf 92' lang='lat' dir='ltr'>et</span> <span class='ocrx_word' id='word_1_155' title='bbox 515 2922 602 2982; x_wconf 88' lang='lat' dir='ltr'>tactu</span> <span class='ocrx_word' id='word_1_156' title='bbox 618 2913 842 3002; x_wconf 89' lang='lat' dir='ltr'>perceptibiles</span> <span class='ocrx_word' id='word_1_157' title='bbox 858 2913 1074 3000; x_wconf 85' lang='lat' dir='ltr'>experientiae</span> 
     </span>
     <span class='ocr_line' id='line_1_24' title="bbox 116 3024 1079 3107; baseline -0.006 -17"><span class='ocrx_word' id='word_1_158' title='bbox 116 3024 326 3092; x_wconf 90' lang='lat' dir='ltr'>indicibilium</span> <span class='ocrx_word' id='word_1_159' title='bbox 362 3025 567 3090; x_wconf 87' lang='lat' dir='ltr'>suavitatum.</span> <span class='ocrx_word' id='word_1_160' title='bbox 604 3024 692 3107; x_wconf 84' lang='lat' dir='ltr'>Quae</span> <span class='ocrx_word' id='word_1_161' title='bbox 723 3040 797 3089; x_wconf 88' lang='lat' dir='ltr'>cum</span> <span class='ocrx_word' id='word_1_162' title='bbox 831 3038 925 3088; x_wconf 85' lang='lat' dir='ltr'>verae</span> <span class='ocrx_word' id='word_1_163' title='bbox 948 3026 1024 3086; x_wconf 87' lang='lat' dir='ltr'>sunt</span> <span class='ocrx_word' id='word_1_164' title='bbox 1047 3025 1079 3086; x_wconf 88' lang='lat' dir='ltr'>et</span> 
     </span>
     <span class='ocr_line' id='line_1_25' title="bbox 116 3125 1079 3217; baseline -0.007 -20"><span class='ocrx_word' id='word_1_165' title='bbox 116 3131 233 3212; x_wconf 82' lang='lat' dir='ltr'>abeo,</span> <span class='ocrx_word' id='word_1_166' title='bbox 257 3148 429 3217; x_wconf 88' lang='lat' dir='ltr'>possumus</span> <span class='ocrx_word' id='word_1_167' title='bbox 459 3130 639 3209; x_wconf 90' lang='lat' dir='ltr'>aestimare,</span> <span class='ocrx_word' id='word_1_168' title='bbox 663 3130 749 3216; x_wconf 86' lang='lat' dir='ltr'>quod</span> <span class='ocrx_word' id='word_1_169' title='bbox 780 3135 836 3194; x_wconf 88' lang='lat' dir='ltr'>aut</span> <span class='ocrx_word' id='word_1_170' title='bbox 860 3128 977 3194; x_wconf 91' lang='lat' dir='ltr'>dentur</span> <span class='ocrx_word' id='word_1_171' title='bbox 1012 3125 1079 3212; x_wconf 88' lang='lat' dir='ltr'>qui-</span> 
     </span>
     <span class='ocr_line' id='line_1_26' title="bbox 117 3232 1078 3323; baseline -0.007 -19"><span class='ocrx_word' id='word_1_172' title='bbox 117 3237 254 3304; x_wconf 90' lang='lat' dir='ltr'>busdam</span> <span class='ocrx_word' id='word_1_173' title='bbox 278 3239 369 3305; x_wconf 87' lang='lat' dir='ltr'>novis</span> <span class='ocrx_word' id='word_1_174' title='bbox 397 3244 428 3305; x_wconf 92' lang='lat' dir='ltr'>et</span> <span class='ocrx_word' id='word_1_175' title='bbox 463 3237 610 3317; x_wconf 89' lang='lat' dir='ltr'>rudibus,</span> <span class='ocrx_word' id='word_1_176' title='bbox 634 3237 689 3323; x_wconf 84' lang='lat' dir='ltr'>qui</span> <span class='ocrx_word' id='word_1_177' title='bbox 725 3235 904 3321; x_wconf 88' lang='lat' dir='ltr'>spiritualia</span> <span class='ocrx_word' id='word_1_178' title='bbox 935 3232 1078 3300; x_wconf 91' lang='lat' dir='ltr'>nondum</span> 
     </span>
     <span class='ocr_line' id='line_1_27' title="bbox 117 3338 1078 3430; baseline -0.006 -20"><span class='ocrx_word' id='word_1_179' title='bbox 117 3344 222 3412; x_wconf 88' lang='lat' dir='ltr'>lucide</span> <span class='ocrx_word' id='word_1_180' title='bbox 247 3344 437 3430; x_wconf 78' lang='lat' dir='ltr'>intelligunt,</span> <span class='ocrx_word' id='word_1_181' title='bbox 461 3351 497 3411; x_wconf 92' lang='lat' dir='ltr'>ut</span> <span class='ocrx_word' id='word_1_182' title='bbox 521 3343 633 3411; x_wconf 88' lang='lat' dir='ltr'>saltem</span> <span class='ocrx_word' id='word_1_183' title='bbox 658 3361 716 3429; x_wconf 93' lang='lat' dir='ltr'>per</span> <span class='ocrx_word' id='word_1_184' title='bbox 739 3341 901 3410; x_wconf 87' lang='lat' dir='ltr'>sensibilia</span> <span class='ocrx_word' id='word_1_185' title='bbox 917 3338 1078 3407; x_wconf 92' lang='lat' dir='ltr'>consolen-</span> 
     </span>
     <span class='ocr_line' id='line_1_28' title="bbox 119 3447 1078 3537; baseline -0.008 -18"><span class='ocrx_word' id='word_1_186' title='bbox 119 3457 171 3519; x_wconf 91' lang='lat' dir='ltr'>tur</span> <span class='ocrx_word' id='word_1_187' title='bbox 195 3452 226 3517; x_wconf 92' lang='lat' dir='ltr'>in</span> <span class='ocrx_word' id='word_1_188' title='bbox 251 3450 394 3532; x_wconf 87' lang='lat' dir='ltr'>Domine,</span> <span class='ocrx_word' id='word_1_189' title='bbox 419 3451 473 3537; x_wconf 87' lang='lat' dir='ltr'>qui</span> <span class='ocrx_word' id='word_1_190' title='bbox 501 3451 649 3518; x_wconf 87' lang='lat' dir='ltr'>virtutem</span> <span class='ocrx_word' id='word_1_191' title='bbox 674 3467 755 3535; x_wconf 94' lang='lat' dir='ltr'>pure</span> <span class='ocrx_word' id='word_1_192' title='bbox 779 3447 993 3535; x_wconf 90' lang='lat' dir='ltr'>spiritualium</span> <span class='ocrx_word' id='word_1_193' title='bbox 1016 3462 1078 3511; x_wconf 92' lang='lat' dir='ltr'>non</span> 
     </span>
     <span class='ocr_line' id='line_1_29' title="bbox 119 3553 1080 3645; baseline -0.008 -19"><span class='ocrx_word' id='word_1_194' title='bbox 119 3565 321 3645; x_wconf 78' lang='lat' dir='ltr'>cognoscunt,</span> <span class='ocrx_word' id='word_1_195' title='bbox 345 3558 375 3625; x_wconf 92' lang='lat' dir='ltr'>in</span> <span class='ocrx_word' id='word_1_196' title='bbox 409 3558 527 3644; x_wconf 87' lang='lat' dir='ltr'>quibus</span> <span class='ocrx_word' id='word_1_197' title='bbox 559 3557 660 3624; x_wconf 86' lang='lat' dir='ltr'>maior</span> <span class='ocrx_word' id='word_1_198' title='bbox 685 3557 732 3623; x_wconf 89' lang='lat' dir='ltr'>vis</span> <span class='ocrx_word' id='word_1_199' title='bbox 755 3563 803 3623; x_wconf 87' lang='lat' dir='ltr'>est</span> <span class='ocrx_word' id='word_1_200' title='bbox 834 3562 866 3622; x_wconf 89' lang='lat' dir='ltr'>et</span> <span class='ocrx_word' id='word_1_201' title='bbox 889 3553 1005 3621; x_wconf 92' lang='lat' dir='ltr'>certior</span> <span class='ocrx_word' id='word_1_202' title='bbox 1028 3568 1080 3619; x_wconf 86' lang='lat' dir='ltr'>ve·</span> 
     </span>
    </p>
   </div>
   <div class='ocr_carea' id='block_1_6' title="bbox 0 0 1390 4320">
    <p class='ocr_par' dir='ltr' id='par_1_6' title="bbox 0 0 1390 4320">
     <span class='ocr_line' id='line_1_30' title="bbox 0 0 1390 4320; baseline 0 0"><span class='ocrx_word' id='word_1_203' title='bbox 0 0 1390 4320; x_wconf 95' lang='lat' dir='ltr'> </span> 
     </span>
    </p>
   </div>
  </div>
 </body>
</html>
