2808 4318
308 235 370 300 178
572 311 574 317 .
660 250 748 297 arnan
771 249 910 298 rnnrros.

302 357 448 444 palleos,
472 365 501 423 et
524 374 591 422 aaa
606 353 779 422 salvabis?
796 341 940 423 Psalmns
953 356 980 421 ¹:
1003 355 1270 444 naquaquam

305 462 405 543 oriae,
429 462 635 530 oblivisceris
657 481 709 528 rae
732 462 768 527 ia
799 460 911 547 finem,
942 481 1112 551 asqaaqao
1142 461 1272 529 avertas

304 568 428 657 faelem
453 578 548 636 taam
571 587 594 635 a
617 568 692 634 ine?
715 569 809 636 Item:
837 569 1003 656 Exsurge,
1026 587 1135 657 goare
1154 567 1272 635 obdor-

304 675 380 755 als,
407 675 569 743 Domlael
588 678 740 762 Exsurge
754 684 785 742 el
799 695 840 741 ae
856 674 996 762 repellas
1011 675 1049 741 ia
1062 673 1175 761 finem.
1192 675 1272 741 item

304 782 385 851 iilud
410 800 560 850 murmur
583 782 723 849 filiorum
747 782 844 849 lsrael
859 782 886 846 ²:
912 783 1011 848 astae
1036 781 1124 848 fleas
1148 781 1184 848 ia
1214 799 1273 847 ao

305 889 366 968 bis,
388 909 433 956 aa
450 889 540 956 aaa?
556 890 636 957 Haeo
653 888 759 975 omnia
775 889 863 956 iilius
878 889 1058 956 tentationis
1074 889 1274 956 anxietatem

306 998 502 1083 exprimunt,
526 1014 609 1083 quae
633 1015 695 1063 non
721 997 803 1064 valet
827 997 943 1064 metius
966 997 1124 1083 superari,
1141 996 1203 1063 nisi
1221 1013 1276 1082 pa·

306 1104 420 1173 tienter
444 1103 609 1170 tolerando
640 1112 671 1170 et
706 1103 872 1171 humiliter
906 1102 1135 1188 exspectando,
1171 1101 1276 1168 donea

306 1228 383 1278 suae
407 1210 610 1296 benignitatis
646 1210 771 1276 vultum
806 1210 957 1295 dignetur
981 1210 1143 1304 ¹Dominus
1179 1208 1275 1276 nobis

306 1317 474 1384 ostendere
498 1325 529 1384 et
554 1334 683 1383 manum
709 1316 864 1402 targitatis
895 1316 1031 1403 aperire,
1066 1325 1103 1382 ut
1133 1315 1273 1394 caetum,

307 1423 392 1510 quod
417 1441 515 1509 snper
539 1441 596 1490 nos
619 1425 710 1510 quasi
734 1441 868 1491 aeneam
894 1424 1040 1502 sentitur,
1069 1423 1172 1490 stillas
1203 1440 1275 1508 gra·

304 1531 366 1597 tiae
390 1531 481 1597 nobis
505 1529 626 1609 influat,
650 1539 680 1598 et
705 1539 800 1597 terra
822 1531 928 1599 sordis
951 1531 1051 1598 nostri
1078 1532 1172 1617 qnasi
1209 1530 1273 1597 ler-

306 1656 370 1719 rea,
386 1638 527 1705 emollita
543 1637 660 1725 pluviis
677 1637 879 1724 benignitatis
896 1638 1031 1718 Domini,
1047 1638 1100 1706 det
1114 1634 1271 1724 fractam

304 1764 404 1811 snam
422 1745 446 1824 ⁸,
471 1747 503 1812 id
527 1755 575 1812 est
598 1745 730 1812 atieatus
754 1745 823 1830 pios
846 1755 877 1812 et
900 1746 1060 1813 desideria
1080 1745 1273 1824 devotionis,

642 1976 825 2044 Carrrnnon
855 1977 928 2044 Vlll.

431 2190 475 2255 De
498 2190 616 2277 quinta
639 2191 744 2276 specle
767 2191 999 2271 tentationem,
1021 2189 1147 2258 scilieet

545 2312 549 2320 ·
650 2297 786 2363 rem-issi
800 2297 921 2364 coritas.

397 2513 425 2576 i.
451 2510 505 2576 ilia
527 2518 634 2578 antem
652 2509 781 2578 tentatio
799 2511 899 2596 magis
921 2511 1099 2596 periculosa
1122 2519 1184 2592 est,
1207 2531 1274 2600 qno

306 2619 413 2685 minus
437 2620 569 2686 molesta
592 2619 740 2700 sentitur,
762 2620 892 2706 quando
914 2638 957 2686 ea
980 2619 1074 2705 longo
1097 2637 1162 2687 usu
1194 2621 1274 2688 sub-
1388 2669 1389 2696 ι

306 2726 470 2792 tractionis
487 2727 607 2812 gratiae
630 2727 807 2793 devotionis
830 2735 862 2794 et
885 2736 955 2814 post
979 2726 1081 2794 multa
1104 2727 1204 2795 anxia
1221 2728 1275 2797 de

307 2833 425 2900 sideria
449 2841 480 2899 et
498 2833 622 2900 labores
639 2851 697 2918 pro
714 2834 934 2918 recuperanda
950 2835 1052 2919 gratia
1070 2835 1167 2902 homo
1179 2835 1273 2921 qnasi

307 2937 419 3005 lassas
442 2937 580 3005 remittit
603 2939 757 3006 animam
781 2940 822 3006 ab
847 2940 1018 3006 intentione
1040 2941 1220 3026 quaerendi
1241 2951 1274 3008 et

308 3045 368 3112 sub
391 3045 496 3112 colore
520 3046 688 3130 patientiae
705 3046 819 3113 desinit
835 3048 944 3114 oeulos
960 3045 1105 3114 attollere
1120 3046 1161 3114 ad
1182 3065 1273 3134 opes,
1387 3051 1388 3074 *

306 3170 387 3238 quas
411 3153 529 3220 habere
553 3169 587 3220 se
612 3170 703 3237 nosse
727 3170 788 3220 non
816 3153 910 3234 ridet,
933 3159 965 3221 et
987 3171 1060 3220 oum
1091 3152 1274 3239 indignanti

307 3260 487 3327 humilitate
510 3261 625 3347 cogitat
648 3279 682 3328 se
705 3260 787 3328 forte
808 3260 973 3346 indignum
990 3258 1044 3326 tali
1060 3260 1174 3346 gratia,
1194 3261 1275 3346 quia

308 3367 437 3436 forsitan
462 3367 550 3435 aliud
574 3367 614 3434 de
637 3367 691 3434 iiio
715 3367 953 3453 praeordinavit
975 3365 1140 3445 Dominus,
1165 3374 1202 3433 ut
1231 3365 1274 3434 ad

380 3489 449 3544 ¹Ps.
472 3494 512 3558 tn,
534 3494 557 3545 i.
576 3499 601 3546 et
622 3492 664 3560 ta,
684 3493 726 3546 23.
835 3491 946 3546 ’Exod
966 3491 1008 3557 47,
1026 3491 1052 3544 7.

379 3578 390 3610 ⁸
410 3583 451 3635 Ps.
470 3582 513 3646 tt,
534 3583 577 3636 ta.
