2738 4316
495 266 678 316 PRAEFATIO.
1020 267 1063 314 vii

18 353 20 414 ἶ
97 376 132 429 Et
150 388 245 428 reveno
265 379 372 441 constet,
392 373 475 428 David
495 389 543 440 per
560 375 663 443 aliquos
681 385 765 426 annos
783 374 833 426 boc
845 373 932 426 obicio
944 373 1062 427 iunctum

98 479 163 518 esse
181 463 349 530 Ratisbonoe,
367 471 508 532 antequam
527 462 654 516 babitavit
671 464 697 514 in
716 465 847 516 conventu
866 465 1028 527 Augustino.

176 555 229 608 Sed
247 556 307 608 huic
324 553 468 620 assertioni,
487 567 568 622 quem
595 551 682 606 tenetit
701 552 775 606 muiti
794 554 959 616 recentiores,
980 559 1010 606 ut
1027 554 1062 606 io

98 646 193 711 obem,
213 645 257 698 Dr.
276 645 378 710 Lempp
397 645 501 712 aliique,
520 643 554 697 ob
573 644 629 696 oiiis
647 643 843 710 contradicitur,
861 642 903 695 vei
919 643 1010 698 saitem
1029 640 1063 696 de

99 748 133 788 ee
155 733 298 788 dubitatur.
316 734 484 802 Weddiogus
504 733 626 802 (Anactes
643 732 678 786 od
696 747 739 786 on.
760 731 838 795 1212,
850 746 875 786 6.
895 731 949 799 et.)
968 746 985 786 e
1003 745 1063 784 con·

99 824 185 877 iterio
203 821 367 888 probabilius
385 835 443 876 esse
461 821 532 888 dicit,
553 820 669 874 Fratrem
689 819 772 872 David
785 821 872 885 potius
888 819 968 874 tuisse
986 817 1064 874 dt‘sot'·

98 909 201 980 poium
220 910 315 964 Fratris
333 910 473 965 Bertboidi.
492 909 616 963 Sbaraiea
642 909 833 978 (Suppiement.
860 907 894 961 ed
917 909 1063 974 Scriptores

102 1001 170 1053 Ord.
188 1001 315 1054 diuorum
335 1014 361 1066 p.
380 999 444 1066 211)
464 999 492 1052 Β.
515 997 685 1052 Bertboidum
710 996 926 1052 iiotisbonensem
947 995 1060 1064 socium,

100 1102 161 1144 nott
179 1088 350 1158 moabitam,
370 1094 400 1142 ut
417 1089 525 1156 quidem
544 1087 715 1153 tradiderunt,
734 1084 876 1152 appeiiat¹.

178 1177 276 1230 Solutio
294 1179 371 1231 huius
389 1176 464 1230 dubii
482 1175 615 1242 dependet
633 1189 648 1228 a
668 1176 829 1242 6666611666,
848 1179 936 1228 utrum
964 1187 1062 1228 memo·

101 1274 177 1322 ratae
195 1267 329 1333 epistolae,
348 1267 493 1332 impressae
510 1266 537 1317 in
555 1263 598 1317 cd.
617 1266 768 1330 augustana
791 1277 834 1316 66.
855 1263 931 1326 itai,
950 1265 1001 1317 sint
1019 1277 1063 1330 ge·

101 1358 209 1422 nuinac,
229 1369 262 1408 en
281 1369 348 1422 non;
367 1370 416 1422 pro
434 1357 510 1408 cuius
528 1353 743 1408 determinatione
761 1352 951 1407 recurrendum
970 1351 1062 1406 estad

102 1447 283 1498 auctoritatem
297 1444 428 1498 codicum.
440 1445 467 1496 16
480 1445 588 1497 elencho
601 1443 666 1496 intra
679 1444 765 1508 posito
776 1442 924 1494 rcteruntur
943 1441 1009 1495 uitra
1029 1441 1063 1494 26

104 1535 210 1588 codices
227 1535 283 1586 ilias
301 1533 434 1597 babentes,
453 1533 495 1586 vei
515 1533 606 1587 saitem
625 1545 705 1586 unam
730 1544 836 1596 enrum;
856 1535 943 1582 nmen
962 1532 988 1582 in
1013 1532 1064 1583 eis·

104 1622 167 1675 dem
185 1624 292 1687 praevia
310 1621 448 1692 inscriptio
473 1635 537 1678 cunt
564 1620 671 1676 nomine
689 1618 828 1676 Bertboidt'
855 1619 953 1685 pluries
981 1619 1062 1686 deest,

101 1711 137 1766 ita
156 1716 187 1764 ut
204 1710 322 1766 absolute
341 1714 448 1777 incipiat
474 1712 584 1778 opistoia
612 1709 701 1764 verbis
728 1707 894 1764 1166166666ῑὲ
910 1721 928 1762 6
946 1721 998 1774 me,
1018 1707 1060 1761 vei

100 1797 176 1853 Petis
193 1813 212 1853 a
229 1813 280 1854 me.
307 1801 333 1852 in
362 1801 418 1854 otiis
444 1814 510 1854 vero
537 1798 673 1853 codicibus
700 1797 812 1852 babetur
839 1797 975 1861 inscriptio
999 1809 1060 1850 cum

101 1891 212 1942 nominc
229 1887 366 1944 Bertitotdt'
383 1892 484 1956 integre
496 1892 606 1956 scripto;
619 1891 654 1942 ita
668 1889 793 1942 Monecbii
807 1889 832 1940 in
846 1886 966 1941 biblioth,
981 1887 1062 1954 iiegie

101 1978 165 2032 cod.
184 1979 227 2031 iot.
255 1979 351 2032 totto.
379 1978 457 2032 babet
485 1985 623 2046 utramque
647 1978 784 2043 epistolam
812 1987 874 2030 cum
893 1977 1061 2054 inscriptione

102 2068 236 2134 compieta
253 2067 349 2122 Fratri
365 2065 517 2123 Beriboido.
537 2069 619 2121 Etiam
638 2067 696 2120 cod.
714 2067 795 2119 9668.
825 2065 904 2119 babet
924 2071 1063 2134 utramque

102 2170 166 2210 cum
185 2157 362 2223 inscriptione,
381 2156 428 2210 sed
447 2170 496 2222 pro
509 2154 605 2210 Fratri
615 2153 759 2210 Bertitoido
773 2157 880 2220 ponitur
894 2153 940 2209 Fr.
953 2153 982 2208 it.
995 2152 1060 2208 (iod.

102 2247 184 2300 8826.
202 2245 282 2300 babet
301 2246 443 2299 secundam
462 2247 608 2311 epistotam,
626 2249 651 2296 et
670 2245 756 2310 eiiam,
776 2259 844 2311 quac
857 2245 948 2309 incipit
963 2241 1060 2310 Videte,

102 2337 244 2402 scriptam:
266 2333 336 2390 «Ad
352 2335 466 2391 6661666
484 2331 658 2390 iiotisbonnm
671 2352 696 2384 a.
717 2335 831 2386 Primam
850 2339 950 2386 tantum
968 2335 1063 2398 episto

102 2427 158 2478 lom
176 2423 275 2478 babent
301 2425 361 2478 cod.
389 2425 467 2492 3037,
487 2424 546 2477 cod.
571 2423 648 2476 1637.
676 2431 702 2476 61
727 2422 786 2478 666.
806 2436 889 2488 germ.
916 2423 977 2475 626.
1002 2435 1064 2476 cum

101 2517 212 2568 nomine
230 2517 333 2582 integro
350 2513 459 2569 Fratris
485 2511 630 2569 Bertiroldr'.
655 2514 743 2579 Porro,
771 2513 832 2566 cod.
850 2513 930 2566 5829.
948 2520 974 2564 et
1001 2511 1060 2565 cod.

101 2605 185 2658 6666.
204 2603 302 2659 babent
320 2605 463 2658 secundam
482 2605 618 2670 epistotam
638 2617 699 2656 cum
719 2605 768 2656 bac
786 2601 968 2668 inscriptione:
992 2600 1064 2656 «Fr.

102 2691 195 2748 David
210 2691 307 2748 Fratre·
323 2691 464 2750 Bernnrdo
482 2691 631 2746 6166611116
650 2689 824 2746 nausicaan
838 2708 851 2740 »
865 2697 923 2756 etc,
943 2687 990 2744 ubi
1013 2703 1064 2756 pro

102 2781 251 2838 Beriboldo
270 2784 312 2837 vei
331 2783 361 2837 B.
387 2796 496 2836 erronee
514 2785 629 2848 positum
648 2788 687 2834 est
704 2794 801 2834 nomeu
820 2777 962 2835 Berrtardr‘.
981 2780 1008 2831 in
1026 2791 1065 2832 re·

100 2873 182 2940 liquis
206 2871 317 2926 istorum
343 2871 465 2926 codicum
484 2872 558 2925 deest
576 2872 633 2936 ipsa
652 2872 751 2936 integro
771 2867 909 2937 inscriptio
928 2868 1062 2934 epistotae,

166 3029 176 3061 ¹
195 3031 222 3078 P.
240 3031 323 3090 Euboi,
340 3032 385 3079 loc.
402 3030 445 3079 eit.
467 3045 490 3090 p.
508 3030 564 3090 264,
590 3044 614 3078 n.
639 3029 694 3089 224,
719 3029 798 3077 verbis
822 3027 948 3076 Sbareieee
971 3026 1063 3086 citatis,

99 3113 180 3171 eddit,
197 3113 295 3160 eundem
310 3111 446 3160 Sbsrnleem
469 3111 619 3169 contendere,
645 3125 670 3158 se
693 3111 719 3158 16
739 3107 894 3169 inscriptione
910 3107 999 3168 primo
1016 3108 1063 3168 epi·

99 3194 181 3241 stoIse
191 3191 287 3240 Fratris
297 3190 373 3240 David
383 3205 500 3250 nunquam
510 3190 630 3239 invenisse
639 3191 748 3240 litteram
756 3190 789 3247 B,
801 3189 841 3236 sed
852 3187 1064 3236 teutumiitterem

99 3273 134 3320 N.
152 3297 186 3308 -
202 3271 247 3319 Sed
262 3270 337 3331 primo
353 3270 460 3330 dicimus,
477 3284 520 3319 noe
536 3283 579 3318 neo
594 3272 646 3320 ioco
661 3272 692 3318 61)
707 3269 782 3318 Euboi
797 3269 873 3316 cibabo
891 3267 988 3328 (Script.
1006 3267 1062 3316 Ord.

99 3352 162 3400 1116.
180 3366 205 3411 p.
223 3351 280 3410 211)
297 3365 339 3400 nec
353 3351 379 3398 in
396 3351 502 3400 Bulierio
520 3352 549 3410 (t.
567 3351 598 3398 11.
615 3366 639 3411 p.
657 3351 714 3410 459)
736 3351 793 3398 haec
809 3349 882 3396 verbs
903 3347 1009 3396 invenire
1024 3361 1063 3408 po·

99 3433 189 3481 tuisse.
206 3432 319 3480 Fortasse
334 3433 378 3480 boo
394 3431 457 3480 dixit
468 3430 530 3480 elius
545 3433 628 3479 auctor
644 3429 783 3480 recentioris
797 3429 940 3478 6616116.-
950 3429 1063 3486 Secundo,

100 3525 131 3560 ex
147 3510 267 3560 codicibus
282 3510 346 3559 inire
362 3509 465 3559 eiteudis
479 3511 558 3570 petet,
579 3509 665 3558 fulsum
682 3523 742 3570 osse,
762 3509 822 3568 quod
841 3521 924 3557 nomeu
941 3505 1064 3554 Bertboidi

101 3591 128 3639 in
144 3591 213 3639 nullo
228 3589 306 3640 codiee
321 3591 446 3640 habeatur.
