2776 4316
292 225 357 292 did
648 245 736 293 nunu
759 246 897 294 ruamus

602 457 785 526 Curtruuuu
809 458 938 526 xxxvl.

328 669 462 736 ditectio
481 670 635 756 proximi
657 669 767 736 tribuo
786 669 955 758 predium
978 671 1220 758 dt'stiupuitur.

384 885 411 949 l.
436 883 577 951 Ostensis
601 884 642 950 ad
665 884 823 952 cautelam
844 885 982 952 carnalis
997 885 1119 952 amoris
1136 886 1261 966 vittts1,

292 1008 431 1079 quaese
465 991 657 1078 quandoque
689 991 821 1077 palliant
852 991 913 1059 sub
948 991 1052 1078 specie
1077 992 1260 1077 spiritualis

292 1099 481 1179 dilectionis,
504 1107 540 1166 ut
563 1100 689 1184 ignaros
720 1099 889 1184 decipiant,
913 1099 954 1165 ad
978 1100 1159 1186 spiritualis
1183 1101 1261 1168 dile

290 1206 406 1272 otionis·
426 1205 588 1291 proiectus
610 1205 859 1273 considerandos
883 1206 1065 1285 redeamus,
1087 1215 1121 1275 et
1137 1207 1259 1293 quibus

290 1313 444 1398 gradibus
468 1313 508 1380 de
532 1313 604 1379 imis
627 1313 668 1378 ad
692 1330 819 1380 summa
844 1313 1046 1398 procedatur.

379 1419 560 1486 lliloctionis
585 1418 722 1504 proximi
738 1419 873 1504 primus
886 1419 1020 1505 proclus
1035 1437 1107 1487 esse
1125 1420 1257 1488 videtur

290 1526 421 1594 uultum
445 1527 550 1604 odire,
586 1525 664 1592 nulli
690 1526 809 1592 malum
835 1543 964 1612 cupere,
988 1527 1110 1595 nullius
1135 1528 1257 1594 honum

291 1634 372 1701 velle
389 1634 555 1718 impedire,
578 1633 609 1700 in
634 1634 821 1701 necessitate
837 1634 986 1719 proximo
1001 1633 1162 1701 auxilium
1185 1635 1260 1702 sun
1375 1702 1378 1711 ,

292 1741 447 1808 volutionis
471 1759 533 1806 non
557 1741 757 1820 subtrahere,
781 1747 813 1806 et
837 1740 987 1820 breviter,
1010 1747 1046 1806 ut
1063 1741 1144 1808 nulli
1160 1741 1258 1808 iaciat

293 1849 411 1914 malum
436 1847 486 1915 vel
510 1847 617 1934 cupiat
652 1865 724 1914 cum
761 1846 933 1915 voluntatis
956 1864 1125 1927 consensu,
1148 1855 1181 1914 et
1205 1848 1256 1914 bo

291 1975 368 2024 num
394 1956 541 2040 proximo
564 1961 650 2040 optet
674 1961 705 2021 et
740 1954 842 2034 iaciat,
866 1955 949 2022 sicut
972 1954 1031 2022 sibi
1056 1954 1139 2024 velle
1162 1955 1259 2022 debe

292 2073 350 2142 ret,
375 2064 399 2130 si
433 2063 598 2148 indigeret.
630 2063 662 2128 ln
701 2061 750 2128 liis
781 2061 910 2129 duobus
934 2063 1076 2130 consistit
1112 2061 1259 2148 impletio

290 2169 451 2257 praecepti
477 2169 607 2236 illius':
631 2168 757 2254 Dilipcs
778 2169 974 2254 proximum
992 2175 1088 2236 tuum
1112 2168 1204 2236 sicut
1228 2179 1259 2237 te

292 2278 414 2363 ipsum,
440 2276 576 2343 scilicet:
603 2276 697 2358 Quod
721 2275 781 2342 tibi
803 2275 876 2342 odis
899 2275 942 2342 ud
965 2275 1034 2342 ulio
1049 2274 1139 2360 ficri,
1156 2285 1194 2343 tu
1216 2297 1258 2344 ne

290 2384 391 2451 atteri
411 2381 537 2471 focius,
562 2383 714 2462 Tobias³;
740 2383 974 2471 Quaecumque
1000 2383 1115 2461 uultis,
1141 2390 1180 2450 ut
1201 2379 1258 2468 su·

290 2491 382 2558 ciunt
404 2489 497 2557 vobis
520 2488 678 2568 dominre,
704 2491 764 2557 hoc
787 2497 817 2556 et
848 2509 907 2557 uos
929 2487 1033 2576 sorite
1055 2490 1134 2557 iilic.
1164 2491 1258 2558 Here

290 2608 337 2665 est
359 2598 447 2664 cuitu
483 2599 548 2664 Lau
583 2605 613 2664 et
646 2597 842 2683 Proplictue.
878 2598 940 2664 Hoc
971 2597 1055 2665 enim
1080 2597 1174 2668 docet
1200 2598 1255 2666 lex

291 2712 424 2772 naturae
447 2711 479 2772 et
509 2705 692 2790 scripturae
728 2703 849 2790 pariter
876 2703 1054 2770 secundum
1078 2704 1256 2789 expositio-

290 2829 361 2878 nem
386 2813 573 2877 Sanctorum
597 2811 862 2877 orthodoxorum.

379 2922 409 2986 l.
433 2915 611 3005 Profectus
634 2917 812 2986 dilectionis
842 2926 891 2986 est
921 2918 966 2985 sic
989 2917 1125 2988 alterius
1149 2919 1256 3006 proie-

291 3027 355 3095 etni
380 3027 581 3111 congaudere
615 3032 647 3092 et
682 3026 800 3091 bonum
825 3025 958 3093 alterius
988 3024 1124 3112 diligere
1160 3026 1252 3114 quasi

291 3133 468 3221 proprium,
492 3135 591 3200 etsie
615 3132 684 3200 eius
707 3133 892 3200 adversitati
916 3133 1053 3217 compati
1070 3133 1155 3202 sicut
1179 3152 1255 3220 pro

290 3242 388 3328 priae,
413 3249 448 3308 ut
471 3240 575 3308 aliena
598 3239 689 3307 lucra
717 3240 767 3306 uel
802 3239 919 3307 damna
953 3258 1021 3306 cuo
1048 3239 1183 3328 deputet
1212 3257 1253 3308 ex

361 3400 369 3436 ¹
390 3401 448 3454 Vat.
467 3411 493 3455 et
510 3401 554 3454 ed.
574 3402 583 3453 l
608 3415 660 3454 non
680 3399 747 3453 berte
766 3401 857 3466 legunt
875 3398 989 3456 indictis.

360 3491 370 3526 ¹
390 3490 476 3542 necin.
497 3492 539 3555 to,
560 3491 602 3543 te.
621 3497 647 3545 u
665 3504 688 3544 c.
708 3492 752 3556 m,
773 3490 816 3543 ao.

360 3579 372 3615 ³
389 3578 452 3646 Cup.
474 3579 498 3645 i,
520 3581 566 3647 l6;
586 3580 681 3634 delude
700 3582 819 3648 sequitur
837 3581 926 3634 llatth.
944 3579 969 3646 7,
991 3581 1034 3634 ts.
