2808 4318
296 224 361 290 tlt
649 240 737 290 omna
760 241 899 290 suerrus,

186 409 190 415 .
295 343 476 411 Dominum
499 343 535 410 t'n
558 352 733 431 conspectu
755 363 826 412 rnen
849 363 978 431 semper
1001 351 1060 414 etc.
1091 344 1155 412 Nec
1187 349 1261 410 tan-

295 455 363 516 tum
387 449 419 515 in
443 451 516 530 otio,
540 451 596 518 sed
620 457 652 517 et
674 451 705 517 in
730 450 864 536 negotiis
886 457 919 520 et
942 450 973 517 in
994 447 1260 535 occupationibus

293 555 363 622 eius
387 573 544 624 memores
566 573 636 626 esse
670 556 825 624 debemus
859 557 1033 624 imitatione
1068 565 1257 624 sanctorum

292 663 494 748 Angelorum,
510 663 575 749 qui,
592 662 691 730 missi
706 663 743 730 irc
757 663 983 732 ministerium
998 671 1154 730 nostrum
1168 663 1192 742 ¹,
1207 663 1256 730 sic

292 770 453 839 exteriora
476 769 659 856 disponunt,
679 777 716 840 ut
739 779 843 839 nmen
867 770 936 838 «ab
952 771 1071 838 intimis
1087 787 1256 856 nunquam

292 877 485 944 recedant».
510 878 634 963 Quanto
656 877 781 945 caelum
801 877 940 963 amplios
962 883 1011 945 est
1033 896 1130 963 quam
1155 886 1254 958 terra,

191 1051 193 1056 ,
291 989 378 1049 tanto
402 983 575 1068 spiritualis
600 983 762 1051 meditatio
786 984 836 1054 rel
868 984 1092 1070 contemplatio
1123 983 1256 1052 latiores

293 1088 388 1162 babet
411 1090 561 1158 materias
584 1096 616 1157 et
638 1089 706 1157 rias
734 1108 831 1177 quam
861 1091 1008 1177 cogitatio
1038 1098 1254 1158 terrenorum.

292 1196 407 1281 Quales
430 1205 537 1265 antem
561 1197 624 1266 sint
647 1198 725 1265 istae
749 1198 818 1266 viae
842 1197 892 1266 vel
916 1198 1078 1278 materiae,
1094 1206 1126 1266 et
1141 1197 1255 1284 qualos

291 1303 453 1389 proiectus
476 1303 527 1370 rel
551 1321 720 1390 processus
743 1304 917 1373 meditandi
941 1313 972 1372 et
996 1304 1141 1372 intuendi
1165 1304 1256 1390 spiri·

290 1408 399 1488 tuella,
423 1429 484 1477 non
501 1417 549 1478 est
565 1411 663 1478 buius
680 1412 832 1497 temporis
848 1411 899 1479 rel
916 1411 1078 1492 materiae,
1094 1411 1152 1479 sed
1169 1411 1254 1480 istud

288 1516 425 1602 pertinet
446 1517 487 1584 ad
519 1517 695 1602 septimum
732 1517 907 1604 spiritualis
939 1519 1021 1586 ritae
1055 1535 1255 1604 processum,

288 1623 342 1709 qui
369 1623 402 1690 in
426 1624 581 1710 sapientia
605 1631 762 1692 versatur.

286 1815 329 1886 Ile
351 1815 435 1886 sexto
457 1835 608 1907 processu,
633 1815 745 1908 quiin
772 1816 948 1890 virtutibus
977 1817 1065 1908 puris
1097 1817 1254 1890 consistit.

603 2014 787 2082 Carrruuunr
819 2015 934 2083 XXVII.

331 2209 376 2276 Dc
398 2209 532 2290 virtute,
557 2210 596 2278 dc
620 2209 701 2278 bono
725 2217 754 2300 ct
777 2209 879 2290 molo,
904 2211 943 2278 de
966 2207 1209 2300 affectionibus.

376 2392 404 2455 1.
429 2389 517 2458 Nunc
541 2390 581 2458 de
605 2397 707 2471 sexto,
731 2389 784 2476 qui
810 2391 842 2457 in
860 2389 1032 2458 virtutibus
1049 2391 1165 2477 puris²
1179 2410 1254 2459 con·

284 2502 357 2576 stat,
380 2497 490 2583 aliqua
513 2497 713 2584 simplicibus
736 2497 955 2566 convenientia
978 2505 1011 2565 et
1032 2499 1124 2567 noris
1149 2500 1181 2566 in
1200 2501 1254 2568 lle·

282 2603 398 2690 ligione
421 2606 631 2690 competentia
655 2622 880 2691 proponamus,
904 2604 969 2672 alta
991 2613 1023 2673 et
1039 2605 1171 2676 subtilia
1188 2625 1252 2675 ma·

282 2709 330 2796 gis
344 2709 529 2778 exercitatis
544 2709 576 2776 in
594 2710 778 2779 huiusmodi
796 2719 1006 2780 reservantes.
1023 2711 1150 2797 Quanto
1160 2715 1250 2780 enirn

285 2816 421 2902 quisque
444 2814 540 2883 altius
564 2817 734 2902 profecerit
752 2827 784 2885 et
800 2817 830 2885 in
847 2817 1007 2886 anteriora
1023 2836 1057 2885 se
1073 2819 1250 2888 extendere

285 2921 465 3016 studuerit¹¹
481 2928 568 2989 tanto
591 2922 704 2990 altiora
727 2931 759 2991 et
782 2924 970 3010 perfectiora
1001 2924 1156 3012 intelliget
1184 2934 1249 2994 tam

280 3029 319 3098 de
344 3029 404 3110 bis,
425 3046 508 3115 quae
532 3029 595 3095 iarn
619 3030 733 3116 attigit,
758 3049 855 3117 quam
878 3031 919 3099 de
947 3031 1021 3113 illis,
1051 3050 1134 3118 quae
1167 3051 1246 3100 non-

279 3131 357 3201 dum
380 3135 548 3202 actualiter
562 3135 793 3222 apprehendit;
810 3137 892 3205 sicut
907 3137 963 3223 qni
981 3146 1122 3205 montem
1137 3155 1249 3207 ascen·

349 3274 359 3306 ¹
378 3275 457 3331 llabr.
476 3277 501 3344 l,
521 3276 562 3330 tt.
581 3304 617 3318 -
635 3278 754 3345 Gregor„
773 3278 800 3331 ll.
819 3279 913 3332 llnmil.
932 3281 958 3332 ln
976 3279 1078 3346 Evang.
1096 3281 1188 3334 bouill.
1205 3281 1249 3334 31.

277 3379 306 3418 n.
326 3367 368 3419 11.

349 3451 360 3484 ³
378 3454 448 3522 Quid
465 3457 515 3510 sint
531 3468 621 3525 purae
640 3454 761 3524 uirtutes,
784 3458 871 3524 magis
889 3457 1039 3513 declaratur
1057 3459 1124 3512 intra
1151 3471 1176 3512 c.
1201 3460 1247 3514 28.

280 3557 307 3596 n.
327 3542 352 3596 1.
370 3552 395 3598 ot
414 3558 436 3598 c.
457 3547 500 3600 29.
