2808 4318
297 272 359 338 180
650 289 739 336 claun
762 287 902 335 neurius.

293 395 340 462 illi
364 394 506 480 indigent
529 395 629 474 freno,
653 413 718 480 quo
741 395 958 474 retrahantur,
982 410 1022 460 ne
1051 393 1268 480 praecipiten-

294 510 366 583 tur;
390 503 432 569 ita
456 501 509 568 alii
534 501 675 588 indigent
697 501 824 587 flagello
847 499 1039 586 impellente,
1056 518 1121 587 quo
1141 501 1183 567 ad
1209 499 1269 567 bo

294 627 370 676 num
396 609 487 694 quasi
511 609 609 677 coacti
633 607 815 676 incitentur.
839 607 1017 688 Misericors
1035 615 1144 673 autem
1163 606 1265 688 Deus,

294 735 358 804 quo
382 714 543 784 difficilius
567 715 639 802 quis
663 715 694 781 in
725 714 906 783 tentationis
937 731 1043 800 pugna
1075 715 1267 794 certaverit,

295 841 332 891 eo
355 823 486 890 maioris
510 821 713 908 perfectionis
735 821 870 908 gratiam
894 820 921 888 ei
946 819 1102 889 retribuet
1120 821 1151 886 in
1168 838 1266 906 prae·

295 929 374 996 senti
399 936 430 996 et
454 928 584 995 maioris
608 927 728 1015 gloriae
751 927 930 1014 praemium
956 927 988 993 in
1011 927 1133 994 futuro.

646 1141 830 1208 Germanum
855 1141 902 1206 ill.

340 1355 386 1422 De
417 1352 496 1421 aliis
516 1353 679 1441 plurimis
704 1352 950 1432 tentationibas,
975 1354 1010 1419 ia
1040 1353 1148 1440 specie
1171 1353 1213 1419 de

382 1469 529 1550 quatuor
552 1460 780 1528 acerbissimis
804 1469 833 1527 et
856 1478 975 1527 earam
998 1460 1168 1526 remediis.

386 1677 414 1741 l.
438 1675 517 1741 Sunt
540 1682 572 1742 et
595 1675 675 1743 aliae
698 1675 858 1760 plurimae
882 1674 1091 1742 tentationum
1121 1673 1259 1759 speclea,

293 1800 431 1868 quarum
456 1788 598 1862 naturas,
621 1783 759 1867 origines
783 1790 815 1850 et
838 1799 933 1849 curas
955 1780 1105 1867 prosequi
1124 1781 1259 1867 longum

293 1897 386 1957 esset.
411 1889 441 1955 Si
466 1888 550 1955 enim
575 1888 685 1956 nullus
708 1888 906 1957 medicorum
931 1905 1041 1955 omnes
1064 1887 1258 1956 morborum

295 1995 510 2081 corporalium
536 1995 705 2062 varietates
729 2002 761 2061 et
794 1994 921 2062 dolores
951 1993 1043 2079 plene
1074 2000 1177 2079 potest
1208 2012 1263 2061 oo-

295 2120 464 2189 gnoscere3
488 2111 607 2189 quanto
631 2102 737 2168 minus
760 2100 943 2188 spirituales
968 2099 1097 2168 morbos
1112 2101 1260 2168 lenatia

276 2227 370 2302 vnum
396 2216 427 2277 et
450 2210 644 2294 passionum,
668 2225 751 2294 quae
775 2208 958 2275 subtiliores
981 2214 1066 2288 sunt,
1090 2207 1175 2275 valet
1200 2207 1261 2274 ali·

292 2315 365 2401 quis
389 2314 481 2401 plene
504 2315 697 2392 discernere,
721 2313 780 2381 nisi
805 2313 925 2400 Spiritu
948 2319 1056 2381 sancto
1071 2311 1261 2399 plenissime

294 2421 485 2490 illustratus.
521 2458 562 2471 —
598 2421 827 2488 Acerbissimae
862 2427 967 2488 amen
999 2419 1188 2488 tentationes
1213 2421 1262 2486 ri·

292 2529 410 2598 dentur
434 2527 609 2596 haesitatio
633 2528 669 2595 ia
699 2528 765 2613 fide
794 2525 970 2607 catholica,
1005 2535 1036 2595 et
1067 2527 1260 2614 desperatio

293 2637 333 2704 de
357 2637 417 2705 Dei
439 2636 686 2716 misericordia,
710 2646 742 2704 et
756 2634 899 2722 spiritus
923 2633 1145 2722 blasphemiae
1180 2652 1259 2702 oon·

293 2751 343 2812 tra
368 2745 468 2812 Deum
492 2752 525 2813 et
548 2745 688 2825 Sanctos,
711 2751 743 2811 et
767 2742 902 2810 tentatio
925 2742 1054 2809 sibimet
1081 2741 1262 2810 inliciendi

288 2871 419 2924 ‚marias
442 2860 473 2918 et
497 2869 531 2920 se
554 2851 731 2937 perimendi
750 2852 768 2916 ¹.

382 2962 413 3026 2.
438 2958 553 3026 Contra
576 2958 656 3026 tales
690 2959 751 3026 ista
784 2957 924 3024 maxime
956 2955 1062 3022 valent
1092 2955 1259 3024 remedia:

293 3067 446 3155 primum,
470 3072 506 3132 ut
529 3064 743 3144 consolentur,
766 3063 851 3150 quod
876 3081 938 3130 non
955 3061 1086 3129 timeant
1102 3060 1175 3130 illes
1190 3067 1261 3128 ten·

293 3173 438 3253 tationes,
462 3171 537 3258 quia
560 3171 662 3257 magis
684 3171 725 3238 ad
750 3170 900 3237 meritum
923 3165 1091 3255 proficient
1122 3167 1259 3255 patienti

292 3298 389 3366 quam
413 3279 454 3347 acl
470 3278 707 3346 detrimentum.
725 3315 769 3326 -
785 3275 977 3355 Secundum,
993 3274 1079 3361 quod
1097 3275 1261 3362 patienter

293 3386 480 3466 tolerentur,
504 3385 585 3453 siout
608 3385 633 3454 si
666 3391 793 3452 satanas
823 3382 962 3470 aliquem
998 3379 1166 3449 visibiliter
1203 3381 1262 3450 rel

364 3524 452 3582 ¹Vat.
471 3535 497 3582 et
514 3528 587 3581 edi
622 3527 735 3582 addunt:
764 3531 790 3579 et
817 3525 949 3593 quaedam
974 3525 1132 3591 perplexitas
1156 3537 1263 3592 queru-

293 3618 364 3670 losae
383 3619 557 3670 conscientiae
576 3617 730 3670 medicinale
748 3615 886 3669 consillum
905 3628 956 3668 non
976 3613 1124 3668 admittens.
