2808 4318
312 227 376 292 182
661 244 750 290 naen
773 243 913 291 rnnrtns.

304 351 469 418 victoriam
494 369 552 436 per
577 351 664 417 varia
679 349 809 417 consilio
825 359 857 417 et
871 351 1014 417 remedia
1030 350 1200 428 vitiorum
1219 352 1269 418 Ec·

306 457 504 525 clesiasticus
520 460 550 522 ¹:
575 457 642 540 Qui
662 477 730 522 uon
752 467 799 522 ert
815 465 973 535 namtas,
990 456 1109 545 qualia
1123 455 1211 523 ecit?
1230 460 1269 525 Et

306 566 455 653 quinon
489 573 537 630 est
570 573 723 631 tentatus·
741 583 857 650 puuea
890 564 1106 650 recognoscit.
1138 565 1196 630 Vir
1232 565 1268 630 in

306 671 422 738 maltro
445 681 601 758 expertus
623 672 747 758 cogitat
769 671 889 750 multa,
908 680 941 737 ¹et
962 673 1022 760 qui
1047 671 1158 739 multa
1185 673 1270 740 olat-

305 779 351 844 eit
384 779 561 846 enarrabit
601 779 806 846 intellectum.
844 779 1036 846 Accendant
1073 797 1181 867 usque
1223 781 1271 848 ad

304 885 425 965 caeos
449 904 508 972 per
531 886 667 954 fiduciae
690 887 906 966 securitatem,
929 895 961 954 et
984 904 1115 954 rursum
1141 887 1272 954 descen·

304 993 388 1059 dunt
411 1012 515 1082 eaque
537 994 585 1059 aa
606 992 757 1080 abyssos,
781 1011 839 1079 per
862 995 1010 1060 timorem
1034 993 1269 1062 succumbendi

304 1100 336 1165 in
360 1100 542 1166 tentatione.
567 1100 690 1166 Levavi
709 1099 820 1166 oculu
835 1119 924 1166 meos
940 1100 976 1166 in
991 1109 1137 1179 montes;
1154 1120 1271 1168 ascen

304 1206 389 1273 duent
411 1226 516 1295 usque
538 1207 586 1272 on
607 1207 715 1273 oaebc
737 1207 920 1292 aspiciendo
935 1208 975 1274 ad
992 1207 1121 1274 divinae
1143 1209 1270 1294 pietatis

305 1313 476 1392 auxilinm,
499 1323 531 1380 et
547 1314 747 1380 boemanni
763 1333 867 1403 usque
882 1315 930 1381 ad
944 1313 1095 1402 abyssos,
1114 1315 1270 1383 intuendo

305 1419 454 1506 propriae
477 1419 658 1504 fragilitatis
681 1420 850 1486 deiectum.

657 1633 839 1700 Carnucnn
864 1635 911 1700 lll.

371 1848 454 1914 Tria
476 1848 638 1914 discimus
662 1848 696 1913 in
717 1846 945 1916 subtractione
967 1847 1209 1915 contemtionis

704 1955 864 2020 internae.

395 2171 421 2234 l.
448 2168 521 2234 tria
544 2175 651 2234 antem
676 2168 831 2235 discimus
854 2168 885 2233 in
910 2167 1127 2236 subtractione
1156 2188 1269 2237 consa

304 2274 431 2342 lationis
453 2275 607 2354 internae,
630 2275 749 2342 scilicet
772 2275 812 2342 de
838 2275 978 2341 minimis
1001 2274 1164 2344 beneficiis
1199 2294 1269 2363 gra-

303 2382 363 2447 tias
386 2397 481 2466 agere
505 2390 536 2448 et
559 2382 708 2448 minimas
730 2399 876 2468 quasque
898 2382 1011 2467 culpas
1042 2389 1073 2449 et
1108 2383 1270 2469 negligen-

306 2488 366 2554 tias
388 2488 501 2556 timere
524 2495 556 2555 et
578 2506 691 2556 cavere
726 2496 758 2556 et
783 2488 913 2555 minima
947 2507 1095 2576 quamue
1128 2489 1269 2568 adversa

303 2595 460 2681 patienter
483 2595 629 2663 tolerare.
653 2595 698 2663 De
721 2596 873 2681 opulenta
889 2613 999 2664 mensa
1015 2597 1135 2664 multae
1153 2599 1266 2678 rnicae,

302 2703 400 2769 immo
423 2702 530 2789 aliqua
553 2702 656 2770 frusta
679 2703 873 2790 quandoque
895 2703 1058 2771 decidunt.
1083 2705 1133 2772 Sic
1170 2704 1267 2772 honlo
1387 2687 1388 2702 ¹

301 2807 471 2876 abundans
493 2808 629 2876 diversis
652 2809 903 2876 consolationum
927 2810 1020 2877 donis
1043 2809 1185 2896 plurima
1217 2812 1267 2880 be

301 2915 415 2982 nobaia
437 2914 492 2982 Dei
517 2916 585 2984 sine
608 2916 716 2983 debita
738 2917 914 3002 gratiarnm
947 2917 1071 2985 actione
1102 2921 1266 3003 praeterit,

301 3021 458 3107 plurimas
481 3022 600 3108 gratias
635 3023 765 3109 negligit
798 3041 894 3109 opere
925 3040 1089 3110 exercere,
1123 3023 1267 3111 plurima

301 3147 401 3216 parva
425 3136 561 3215 reputat,
584 3147 666 3216 qnae
691 3147 805 3215 magna
828 3139 912 3210 sunt,
937 3130 1078 3216 plurima
1093 3147 1151 3198 nec
1167 3149 1267 3218 agno-

301 3236 369 3303 scit.
394 3235 453 3302 Sed
479 3236 530 3303 his
560 3235 710 3304 omnibns
733 3235 915 3316 subtractis,
950 3238 1032 3305 sient
1065 3236 1120 3304 vir
1147 3238 1267 3306 uidens

299 3342 556 3429 paupatatem’
588 3360 691 3420 snam,
727 3343 847 3424 recolit,
876 3351 996 3429 quanta
1026 3343 1118 3430 prins
1150 3344 1268 3416 babuit

372 3483 381 3516 ¹
401 3483 465 3550 Con.
484 3485 527 3552 at,
547 3487 589 3539 ll.
609 3489 635 3540 9.
654 3501 711 3556 seq.
730 3487 854 3555 Sequitur
872 3488 913 3540 Pe.
934 3487 995 3551 ⁴06,
1013 3487 1057 3542 26.
1074 3493 1100 3542 et
1120 3487 1183 3552 lto,
1204 3490 1230 3542 t.

371 3571 384 3604 ¹
403 3574 501 3629 Thren.
520 3575 545 3639 3,
568 3577 590 3628 l.
