2792 4318
288 220 330 284 61
526 233 674 283 arrsrouu
698 232 818 282 surana
844 232 1006 282 unororus.

288 343 374 428 quod
399 343 430 408 in
454 341 521 408 sola
545 349 629 408 sorte
653 339 756 407 tribus
780 339 942 407 Beniamin
967 340 1123 407 Dominus
1155 340 1260 408 voluit

287 448 346 518 sibi
372 449 503 515 domum
528 447 688 527 orationis,
713 447 773 514 hoc
797 455 844 514 est
868 447 1024 533 templum
1042 446 1124 528 lieri,
1142 447 1174 514 in
1192 467 1259 535 quo

289 556 348 624 sibi
373 554 527 622 sacrificia
551 553 667 639 placita
690 553 895 632 offerrentur,
919 554 995 640 qnia
1026 552 1182 622 orationis
1206 555 1258 622 de·

288 662 373 730 notio
396 671 502 729 cetera
526 661 681 726 virtutum
707 677 805 745 opera
840 659 914 726 lacit
938 660 1059 746 sapide,
1090 661 1160 728 sine
1191 680 1258 748 qua

288 769 392 836 forent
415 768 506 835 arida
529 774 561 834 et
585 767 740 833 minorem
765 765 916 834 liduciam
941 769 1138 853 praestantia
1165 769 1256 855 apud

289 876 402 942 Deum.
477 935 480 940 .
963 869 966 872 ’

241 1060 245 1066 ,
380 982 467 1060 Item,
492 981 574 1060 ideo,
598 979 786 1060 dulcissimi,
811 979 861 1046 luis
885 979 1001 1047 studiis
1025 998 1157 1066 operam
1182 981 1259 1049 dale

289 1089 436 1166 fideliter,
472 1088 547 1174 quia
582 1087 664 1154 siout
691 1086 807 1153 trustra
846 1087 878 1152 in
915 1087 1033 1154 scholis
1070 1087 1256 1156 litterarum

237 1196 241 1203 '
289 1201 417 1279 tempus
440 1201 471 1260 et
493 1199 620 1259 sumtus
643 1192 802 1258 consumit
825 1193 879 1278 qui
905 1191 1085 1261 litterarum
1104 1195 1258 1262 scientiae

290 1319 352 1368 non
389 1300 532 1378 intendit,
557 1299 602 1366 sic
637 1298 690 1384 qui
728 1300 759 1364 in
797 1299 955 1383 Religione
991 1300 1168 1368 virtutihus
1192 1320 1257 1368 nou

291 1407 407 1486 studet,
431 1415 463 1474 et
488 1407 627 1472 irraxime
651 1405 803 1472 orationis
827 1406 997 1486 devotioni,
1022 1425 1105 1492 quae
1130 1407 1186 1474 Dei
1204 1425 1258 1474 no·

290 1514 392 1581 titiam
431 1519 463 1580 et
498 1512 730 1598 propitiationis
764 1513 833 1578 eius
868 1512 1020 1580 fiduciam
1057 1513 1258 1600 singularius

291 1620 421 1700 conten,
447 1619 600 1686 inutiliter
624 1619 655 1684 in
691 1619 800 1686 schola
824 1619 993 1704 Religionis
1017 1628 1174 1688 moratur.
1199 1623 1258 1690 Vo

291 1727 370 1794 calis
390 1734 497 1793 autem
522 1727 623 1792 oratio
646 1732 694 1792 est
728 1725 819 1810 quasi
855 1733 936 1792 tosta
967 1727 1121 1806 exterior,
1147 1728 1260 1794 intriu-

290 1850 362 1900 seca
396 1840 502 1900 autem
540 1833 674 1911 devotio,
711 1833 801 1918 quasi
841 1833 975 1900 nucleus
999 1833 1048 1900 vel
1074 1832 1258 1902 substantia

291 1939 365 2006 inde
388 1955 552 2023 expressa.

379 2045 550 2114 Volucrem
577 2044 665 2111 robis
688 2045 819 2112 brevem
844 2045 1068 2113 salutationem
1094 2065 1154 2132 pro
1190 2065 1258 2115 me·

291 2150 414 2218 moriali
439 2151 615 2236 scripsisse,
639 2167 678 2218 ne
711 2151 772 2217 mei
805 2152 916 2219 essetis
952 2153 1158 2220 immemores
1182 2171 1258 2240 pro-

290 2266 361 2344 pter
385 2257 510 2343 longam
536 2257 723 2336 absentiam,
755 2265 787 2322 et
815 2257 858 2324 ila
891 2258 1008 2337 sciatis,
1033 2260 1118 2345 quod
1157 2259 1257 2326 vestri

291 2381 353 2429 non
378 2381 450 2430 sum
475 2364 656 2430 immemor¹
678 2363 709 2429 in
747 2363 854 2447 parvis
878 2365 1077 2432 orationibus
1101 2365 1200 2445 meis;
1225 2373 1257 2433 et

292 2473 424 2537 materia
448 2471 585 2539 excessit
607 2470 739 2537 chartae
762 2473 982 2556 quantitatem.
1000 2471 1096 2540 Orate
1113 2491 1174 2559 pro
1196 2491 1256 2554 me,

291 2578 366 2665 quie
390 2578 515 2646 conlido
538 2580 578 2645 de
603 2576 702 2645 robis.
