2742 4320
288 213 330 266 DE
351 220 394 266 Vll
417 218 628 269 PROCESSIBUS.
654 219 826 268 PROCESSUS
850 221 901 267 vll.
1020 201 1085 270 337

117 345 180 414 per
204 328 399 394 oootrarlonr
425 334 529 413 potest
552 325 686 405 adverti,
709 343 793 412 qnae
818 325 944 393 valeant
967 327 1008 394 ad
1035 347 1086 394 ea-

116 434 328 502 auditionem
352 431 529 511 orationis,
554 433 673 501 soilioet
708 432 823 519 eulpae
848 433 992 512 remotio,
1027 434 1087 502 ler-

118 560 180 608 vor
204 549 235 610 et
259 540 407 608 instantia
423 547 454 606 et
471 538 544 606 fidei
562 539 764 617 confidentia,
782 540 947 608 humilitas
962 547 993 607 et
1009 539 1087 607 alio·

119 666 196 714 rum
232 646 384 731 suffragia
418 654 449 713 et
484 653 632 731 acceptae
667 647 787 732 gratiae
811 665 883 714 oum
909 647 1085 732 gratiarnm

118 755 244 823 actione
268 754 411 822 studiosa
435 754 646 832 conservatio,
670 763 702 820 et
725 761 762 821 ut
785 771 823 821 ea
840 760 963 822 tanturn
982 761 1087 840 potan-

120 869 176 928 tur
200 879 219 926 a
242 860 386 938 Domino,
410 877 492 945 quae
529 859 595 944 ipse
630 859 718 925 novit
754 859 855 945 magis
878 861 1032 947 expedire
1055 868 1087 930 et

119 966 261 1052 qrmndo.

457 1177 640 1243 Carrrnnuo
665 1176 749 1242 LXll.

350 1392 395 1458 De
416 1389 617 1476 specialibus
641 1390 863 1459 orationibus,

216 1607 244 1670 l.
262 1605 305 1672 De
327 1603 522 1690 specialibus
538 1612 644 1670 autern
661 1603 871 1680 orationibus,
888 1621 969 1690 quas
985 1604 1087 1672 solent

121 1711 242 1778 babere
266 1709 386 1796 plures,
410 1717 519 1776 utrum
544 1708 705 1795 expediat,
729 1727 784 1776 eas
808 1709 868 1776 ilioi
886 1710 981 1776 certis
999 1710 1087 1777 boris

121 1818 172 1885 val
198 1816 322 1897 diebus,
347 1823 431 1896 nota,
455 1815 540 1902 qaod
565 1816 758 1901 quibusdam
783 1816 884 1902 magis
899 1817 1086 1902 expediunt,

121 1923 316 2011 quibusdam
342 1922 458 1990 minus.
493 1922 720 2007 incipientibus
742 1930 774 1989 et
798 1922 936 1990 rudibus
960 1931 992 1991 et
1015 1923 1087 1992 alle·

120 2039 176 2099 alu
200 2029 377 2098 devotionis
400 2029 542 2097 nondum
565 2030 697 2096 imbutis
721 2029 822 2116 rnagis
846 2031 1034 2116 expediunt,
1050 2038 1086 2098 ut

124 2139 236 2206 sallem
262 2137 461 2205 consuetudo
484 2143 610 2205 moreat
633 2153 688 2204 eos
703 2135 743 2204 ad
761 2137 915 2206 orationis
931 2139 1085 2218 studium,

122 2263 163 2312 ne
187 2263 314 2330 semper
338 2243 408 2330 vagi
433 2245 517 2312 eirca
549 2244 711 2339 exteriora
746 2244 811 2312 lieo
835 2245 913 2312 liant
936 2246 1030 2313 alieni
1054 2253 1085 2313 et

122 2352 230 2438 frigidi
255 2358 401 2436 torpeant
424 2358 454 2418 et
479 2368 642 2436 nunquam
668 2350 776 2438 aliquo
811 2352 989 2420 devotionis
1014 2353 1085 2438 igne

122 2460 292 2528 calescant.
327 2458 509 2526 Devotioois
539 2467 646 2526 autem
670 2458 785 2527 alleato
819 2458 932 2526 imbuti
957 2466 989 2525 et
1022 2475 1086 2524 anr-

120 2567 233 2654 plioris
257 2582 331 2634 cum
355 2566 421 2632 Deo
443 2565 668 2633 familiaritatis
684 2567 786 2650 gralia
810 2566 979 2646 sublevati,
994 2565 1021 2632 si
1042 2565 1086 2632 ni·

123 2673 183 2740 mis
207 2672 405 2740 Psalmorurn
430 2680 461 2740 et
493 2673 646 2738 similium
677 2673 859 2738 orationum
899 2672 1086 2758 multiplica-

121 2779 261 2846 tionibus
297 2779 476 2858 intendunt,
511 2779 659 2865 spirltum
695 2779 848 2858 obruunt,
884 2778 1083 2862 devotionem

120 2885 311 2972 impediunt,
334 2886 441 2952 cordis
466 2885 642 2953 libertatem
668 2886 758 2971 qnasi
784 2886 923 2971 quodam
942 2886 1083 2971 pondere

120 3000 343 3079 praegravant,
360 2992 449 3072 (lunt,
471 2992 658 3060 melioribus
681 2993 806 3071 oblatlS,
832 2993 938 3060 minus
955 3011 1013 3078 pro
1031 2992 1085 3059 illo

120 3108 264 3185 tempore
289 3098 421 3166 utilibus
445 3100 663 3185 scrupolosius
687 3100 864 3166 inhaerent.
882 3101 1019 3168 Utuntur
1042 3108 1084 3167 la·

120 3223 193 3272 men
218 3212 249 3272 et
273 3204 333 3291 ipsi
359 3205 549 3292 plerumque
574 3205 757 3274 huiusmodi
783 3208 964 3273 orationum
982 3206 1085 3274 suble·

120 3319 269 3378 ramento
291 3313 382 3399 quasi
406 3312 546 3398 quodam
571 3309 691 3390 afflatu,
715 3313 815 3380 doner
839 3313 969 3380 flamma
993 3313 1085 3380 dero-

121 3419 216 3486 tlonls
239 3437 372 3486 aceensa
389 3419 562 3486 verborum
580 3419 709 3487 follibus
725 3438 786 3487 non
804 3420 955 3503 indigeat,
971 3419 1085 3504 purius

120 3543 179 3613 per
203 3543 237 3592 se
260 3524 400 3612 llagrans
424 3535 455 3592 et
479 3525 684 3612 tranquillius
708 3527 738 3591 in
764 3527 903 3594 sublime
927 3526 1084 3593 attollens.

980 3652 1013 3703 22
