2808 4318
280 200 342 265 156
617 219 706 266 urnae
730 219 901 268 sscttunus.

276 321 306 388 in
332 319 460 408 peccato
484 323 691 409 periclitetur.
717 324 804 393 Unde
836 326 867 391 in
900 326 1099 393 llonasteriis
1124 337 1239 412 tempo

276 447 349 495 rum
373 435 405 496 et
428 430 594 514 regionum
618 437 801 498 nostrarum
826 433 918 516 pauci
944 432 1075 500 stabiles
1093 432 1236 518 Religiosi

276 543 350 602 sunt
373 545 521 621 respectu
552 535 758 622 antiquorum
792 537 823 604 in
855 541 992 624 Aegypto
1006 538 1029 618 ²,
1054 538 1086 605 in
1122 540 1239 625 quibus

276 641 468 728 quandoque
492 643 587 710 simul
613 645 673 710 tria
697 645 747 711 vel
783 646 925 731 utrinque
951 645 1050 711 millia
1074 647 1241 713 moraban-

275 755 330 815 tur
365 749 425 816 sub
460 767 525 815 uno
560 751 784 835 gubernatore,
818 754 926 838 quiete
948 752 1092 820 viventes
1126 755 1238 838 magis,

276 873 373 940 quam
397 874 482 924 nunc
505 857 591 943 apud
615 850 673 924 nos
696 859 819 943 possint
842 858 952 926 decem
989 859 1039 926 vel
1071 860 1243 946 pauciores

275 960 463 1028 obedienter·
483 969 514 1028 et
538 962 737 1030 concorditer
761 963 946 1050 gubernari,
970 965 1046 1049 quia
1070 964 1111 1031 de
1127 964 1242 1032 labore

277 1084 430 1135 manuum
454 1069 632 1149 sustentati,
656 1070 719 1136 lata
743 1070 874 1156 praedia
897 1079 929 1138 et
958 1073 1083 1139 reditus
1115 1072 1243 1158 amplos

275 1193 338 1240 non
363 1175 578 1260 requirebant,
605 1183 636 1244 et
666 1184 758 1244 erant
793 1184 838 1244 tot
867 1180 1030 1263 operando
1053 1179 1243 1264 colligentes

276 1281 406 1360 rictum,
430 1288 507 1367 quot
530 1290 763 1362 consumentes,
788 1302 846 1351 nec
870 1284 1034 1370 superflua
1058 1284 1244 1353 desideran-

275 1395 323 1455 tes
354 1405 410 1456 nec
441 1397 612 1476 evagantes
643 1389 863 1470 mendicando,
899 1391 949 1458 vel
981 1390 1144 1458 adulando
1180 1410 1244 1479 pro

275 1495 378 1568 aliena
409 1496 588 1577 donatione,
620 1497 676 1564 sed
712 1497 752 1564 de
776 1497 915 1584 propriis
944 1498 1109 1566 laboribus
1140 1517 1175 1566 se
1207 1508 1243 1566 et

276 1604 394 1670 multos
417 1602 539 1670 debiles
562 1611 594 1670 et
628 1621 787 1690 pauperes
822 1604 1052 1684 sustentabant,
1079 1613 1113 1672 et
1136 1605 1243 1672 labori

276 1727 430 1777 manuum
455 1711 576 1792 intenti,
601 1710 787 1778 rumoribus
810 1719 843 1778 et
878 1712 958 1778 rixis
988 1720 1019 1780 et
1050 1713 1149 1778 rariis
1180 1712 1242 1779 de-

275 1816 403 1884 sideriis
426 1836 487 1884 non
514 1817 781 1903 permittebantur
812 1818 987 1885 intendere.
1019 1818 1080 1886 Nec
1104 1819 1245 1905 quilibet

276 1924 309 1990 in
333 1942 443 2011 peram
467 1943 559 1992 suam
584 1924 726 2010 reposuit
749 1925 905 2010 acquisita
928 1931 960 1991 et
983 1924 1155 2004 elaborata,
1180 1925 1243 1993 sed

276 2031 359 2098 siout
381 2033 569 2118 semetipsos
600 2049 658 2117 pro
693 2030 818 2098 Cbristo
842 2030 1077 2116 abnegaverant
1100 2017 1140 2098 ¹et
1164 2032 1245 2100 alte·

276 2139 344 2206 rius
368 2138 502 2224 imperio
537 2137 749 2218 subiecerant,
773 2138 870 2204 itaet
898 2137 1015 2218 omnia,
1037 2155 1120 2224 quae
1144 2138 1243 2206 babe-

275 2244 360 2311 bant.
398 2245 433 2311 Et
456 2244 531 2330 qnia
562 2245 621 2312 boc
657 2262 718 2310 non
750 2243 885 2330 strepitu
917 2243 1067 2312 clamoris
1098 2262 1156 2312 nec
1193 2262 1243 2312 se·

275 2352 417 2439 cundum
442 2349 590 2437 propriae
613 2349 786 2417 uoluntatis
816 2350 986 2417 arbitrium
1010 2351 1156 2436 agebant,
1180 2351 1240 2418 sed

276 2458 308 2524 in
333 2461 462 2524 summo'
495 2457 620 2525 silentio
655 2464 686 2524 et
720 2457 826 2542 quiete
853 2456 894 2524 ad
919 2466 1033 2524 nutum
1057 2456 1182 2524 abbatis
1204 2466 1241 2524 et

275 2564 527 2650 gubernatorum
544 2582 697 2644 suornm;
720 2563 792 2631 ideo
815 2582 833 2631 a
849 2564 964 2650 spiritu
981 2564 1158 2631 devotionis
1175 2581 1239 2630 non

276 2670 380 2738 solum
404 2689 465 2739 non
491 2671 747 2758 impediebantur
763 2688 821 2756 per
841 2671 948 2757 operis
971 2671 1164 2750 instantiam,
1180 2671 1240 2740 sed

276 2787 308 2847 et
339 2779 516 2866 plurimum
550 2777 834 2864 promovebantur,
862 2795 935 2844 cum
969 2787 1084 2858 tamen,
1109 2785 1241 2864 peracto

276 2886 461 2974 quotidiano
485 2891 603 2952 statuto
627 2884 736 2952 labore
767 2883 883 2970 operis,
915 2884 1075 2971 reliquum
1109 2894 1241 2972 tempus

276 2991 308 3057 in
333 2991 465 3058 lectione
489 2989 538 3058 vel
563 2991 705 3057 oratione
728 2988 865 3056 solerent
888 2989 1079 3076 expendere.
1106 2989 1142 3056 Et
1166 2989 1241 3056 ideo

278 3097 406 3165 stabiles
429 3105 461 3164 et
484 3096 615 3183 perlecti
639 3097 671 3162 in
694 3095 780 3163 omni
799 3095 917 3163 virtute
933 3103 1035 3176 erant,
1051 3095 1127 3181 quia
1143 3113 1240 3164 omne

276 3211 403 3289 tempus
426 3204 518 3271 bonis
541 3204 695 3290 operibus
717 3211 749 3272 et
783 3205 940 3271 virtutum
976 3202 1092 3270 studiis
1115 3203 1242 3289 impen-

276 3309 403 3392 debant,
426 3310 505 3378 nibil
529 3311 628 3378 otiose
651 3318 682 3379 et
705 3311 830 3379 curiose
854 3310 1063 3396 transigentes
1087 3326 1146 3377 nec
1180 3327 1242 3396 pro

276 3417 439 3486 voluntate
470 3437 529 3486 sua
561 3419 714 3499 viventes,
749 3417 806 3486 sed
841 3415 1027 3502 superioris,
1058 3416 1243 3486 secundum

347 3541 356 3576 ¹
377 3540 429 3596 Clr.
449 3543 560 3611 Hieron,
579 3545 660 3610 Epist.
680 3545 723 3598 22.
742 3543 776 3596 ed
795 3543 918 3596 Eustocb.
937 3555 963 3594 n.
981 3539 1024 3594 att.
1038 3555 1094 3609 seq.
