2792 4318
306 265 346 312 nh
369 262 609 312 REFORMATIONE
633 261 761 312 HOMINIS
783 261 967 310 lrtrsnloltls.
1074 242 1116 310 93

153 380 202 440 ter
227 389 386 438 summam
412 369 559 456 gloriam,
574 378 606 436 et
621 370 782 456 appetitus
797 368 1022 436 delectationis
1034 368 1117 450 telle,

151 488 189 547 ut
213 497 276 546 non
300 478 430 546 satiaret
453 495 523 543 earn
548 477 656 562 aliqua
691 476 752 543 nisi
781 494 908 543 summa
931 475 1116 556 delectati03

151 595 183 655 et
208 593 345 670 utraque
369 588 417 650 est
441 583 472 649 in
497 583 565 650 solo
588 583 662 662 Deo,
687 591 717 650 et
741 582 784 650 ita
809 583 887 650 nihil
912 582 1029 650 sufficit
1053 587 1116 653 ani·

152 712 224 762 mae
248 701 375 780 praeter
399 691 519 770 Deum3
536 700 567 758 et
591 690 650 758 istc
671 690 832 777 appetitus
848 698 980 758 vocatur
1000 710 1117 760 conca-

146 799 362 889 piscibilitas.
387 835 432 846 -
455 799 542 878 ltem,
566 815 607 863 ex
633 797 692 864 bae
723 804 793 864 orta
824 803 872 864 est
906 797 968 864 alia
1000 799 1049 866 vis
1083 800 1115 866 in

149 909 268 986 anima,
285 907 371 993 qaia,
391 923 464 973 oum
490 913 613 972 tantum
638 905 876 990 concupisceret
897 905 1015 971 bonnm
1032 923 1116 973 sum-

151 1032 254 1093 mum,
290 1013 421 1080 docente
446 1012 475 1078 vi
506 1010 662 1091 rationali,
697 1027 754 1096 per
789 1011 873 1097 qnod
907 1009 1116 1079 beatificanda

150 1127 241 1200 erat,
256 1119 445 1187 naturaliter
470 1117 621 1184 horrebat
643 1125 675 1184 et
699 1118 916 1186 detestabatur
951 1126 982 1185 et
1016 1118 1115 1205 repel-

150 1225 239 1294 lebat
262 1243 365 1303 omne,
378 1223 465 1310 qnod
481 1224 521 1291 ad
540 1225 621 1290 hano
638 1224 841 1292 obtinendam
859 1224 1115 1292 contrariabatur

151 1333 191 1411 ei,
214 1340 247 1398 et
270 1332 426 1416 quidquid
450 1331 489 1398 ad
508 1315 578 1397 eam
595 1330 798 1399 obtinendam
815 1339 848 1398 et
863 1332 1114 1399 conservandam

151 1440 306 1525 prodesse
324 1443 448 1522 poterat
463 1438 503 1516 ei,
519 1437 643 1504 fortiter
659 1438 919 1524 apprehendebat
931 1446 963 1505 et
978 1439 1113 1506 tenebat.

153 1545 189 1610 Et
213 1545 292 1610 haec
317 1544 364 1610 vis
389 1551 521 1610 vocatur
538 1541 758 1610 irascibilitas
775 1545 866 1610 iaxta
884 1544 948 1609 irae
965 1543 1115 1610 similitu-

151 1650 270 1729 dinem,
294 1667 376 1735 qrrae
399 1648 523 1716 fortiter
547 1649 748 1736 iadipaatar
772 1650 940 1718 contrariis
971 1658 1002 1717 et
1025 1650 1114 1717 lorti-

152 1764 309 1823 terteaet
332 1756 417 1842 qaod
442 1756 540 1841 cupit.

242 1861 271 1928 3.
297 1862 355 1929 Per
379 1863 442 1928 rim
468 1861 669 1928 rationalem
693 1863 838 1948 cognovit
863 1864 982 1930 bonnm
999 1870 1030 1929 et
1047 1881 1112 1930 me·

151 1969 213 2037 lins
238 1979 270 2035 et
293 1969 469 2055 optimum;
494 1988 551 2054 per
569 1970 632 2035 vim
650 1969 938 2055 concupiscibilem
961 1970 1115 2057 appetivit

151 2077 269 2143 honam
296 2084 327 2142 et
351 2077 466 2144 melius
490 2077 609 2144 honam
641 2077 781 2162 amplius
812 2085 843 2144 et
874 2078 1029 2163 optimam
1059 2077 1114 2143 ho-

150 2200 227 2248 nam
247 2183 402 2262 maxima
421 2193 478 2269 per
500 2183 564 2249 vim
589 2182 793 2250 irascibilem
816 2183 916 2250 tonnit
932 2192 962 2250 et
978 2182 1114 2250 inhaesit

151 2289 243 2369 hono,
267 2297 299 2357 et
322 2307 404 2375 qaae
427 2291 455 2356 ei
480 2289 519 2356 ad
545 2290 605 2357 hoo
629 2289 781 2375 prodesse
817 2298 963 2376 poterant
989 2288 1113 2356 fervide

149 2396 371 2482 apprehendit,
395 2404 531 2482 atquae
555 2396 582 2462 ei
608 2397 719 2463 obesse
743 2403 888 2482 poterant
904 2395 1113 2481 dedignanter

148 2503 270 2588 repulit
293 2512 325 2569 et
347 2502 437 2588 fagit.
469 2503 529 2569 Sed
565 2521 639 2569 cum
676 2502 772 2569 homo
806 2503 932 2570 diaholo
966 2501 1113 2569 suadenti

148 2616 262 2694 sponte
286 2608 326 2676 ad
351 2615 516 2694 peccatam
542 2609 701 2700 consensit
735 2617 845 2676 contra
881 2609 934 2676 Dei
970 2608 1114 2694 prohihi-

148 2716 280 2793 tionem,
305 2722 379 2782 tnno
403 2733 512 2781 omnes
536 2715 622 2782 vires
645 2715 770 2782 animae
794 2723 825 2781 et
849 2715 1014 2801 potentiae,
1031 2733 1114 2800 quae

149 2823 241 2890 datae
265 2822 294 2887 ei
320 2821 445 2888 fuerant
468 2822 508 2887 ad
534 2840 698 2889 summam
724 2822 841 2887 honam
866 2822 1113 2906 agnoscendum,

147 2928 365 3014 appetendum
390 2936 421 2994 et
444 2927 627 3004 fruendum,
652 2926 857 2994 deordinatae
882 2933 955 2993 sunt
970 2933 1002 2992 et
1017 2927 1109 3011 quasi

148 3036 334 3111 subversae,
358 3051 419 3099 non
443 3041 551 3102 antem
588 3035 780 3112 subtractae,
816 3033 870 3100 sed
903 3032 1046 3099 foedatae
1082 3041 1114 3099 et

148 3158 302 3227 perverso
323 3139 418 3207 modo
441 3158 475 3208 se
494 3141 655 3219 habentes,
673 3141 756 3208 sicut
771 3157 926 3224 organum
944 3138 1113 3220 musicam,

149 3248 245 3333 qnod,
262 3247 391 3333 quando
404 3248 561 3332 integrum
576 3254 607 3312 et
619 3247 699 3314 hene
716 3246 898 3314 ordinatum
916 3253 973 3325 est,
986 3245 1111 3312 dulcem

150 3354 255 3421 reddit
291 3352 469 3432 melodiam,
506 3352 634 3438 qnando
676 3370 751 3420 vero
785 3358 983 3420 contractum
1017 3351 1114 3420 faerit

150 3468 179 3528 et
214 3459 451 3540 deordinatnm,
487 3459 685 3526 horrendum
722 3459 893 3526 stridorem
929 3477 987 3545 pro
1019 3467 1114 3526 cantu

150 3567 273 3634 emittit.
297 3565 378 3650 Qnia
402 3565 485 3632 enim
512 3565 607 3631 homo
631 3583 740 3632 amore
772 3563 946 3632 visibilium
970 3566 1011 3631 ah
1034 3564 1114 3631 invi-
