2792 4318
328 238 389 303 106
664 254 752 302 arnan
775 255 946 303 snaunnus.

321 368 368 428 ter
392 367 559 427 moveatur
583 361 678 426 homo
694 369 804 428 eontra
821 362 994 442 hominem,
1011 370 1119 428 cantra
1139 360 1264 428 amioum

317 476 349 535 et
373 467 568 553 proximum,
585 475 695 534 cantra
711 486 744 535 se
762 469 878 552 ipsum,
901 469 1073 555 aliqnando
1097 469 1188 536 etiam
1204 486 1263 533 aon·

319 582 368 642 tra
392 574 522 640 Sanetus
556 583 588 641 et
622 582 733 641 eontra
764 574 867 641 Deum
891 583 922 642 et
945 584 1055 642 rantra
1086 573 1267 642 insensibilia

318 689 350 748 et
373 680 614 760 irrationabilia,
644 699 727 767 quae
762 700 820 749 nea
857 682 939 749 male
973 700 1032 749 nea
1062 682 1140 749 bene
1175 681 1268 747 seiont

317 805 423 872 agere,
447 788 507 854 nisi
531 787 614 855 siant
637 794 752 853 natura
777 787 912 874 impellit
928 806 982 868 ea;
999 789 1093 856 etiarn
1110 789 1164 855 ubi
1180 804 1268 873 agna
1351 811 1352 822 ¹

318 895 448 974 seimus,
472 913 529 962 nos
554 895 669 961 iniuste
702 897 833 974 moveri,
857 913 920 962 non
944 914 1115 983 possumus
1138 895 1268 983 quanda

318 1018 381 1088 que
405 1000 558 1085 impeturn
584 1000 768 1068 iracundiae
793 1001 951 1068 cohibere.

663 1232 846 1299 Caerrunuru
871 1233 933 1299 XX.

399 1427 512 1511 Quare
535 1424 663 1494 domiai
684 1427 785 1494 datus
808 1426 852 1492 sit
875 1423 1014 1514 affectus
1038 1427 1199 1495 tristitiae.

407 1638 557 1706 Similiter
580 1638 712 1706 allectus
736 1639 894 1707 tristitiae
909 1640 1004 1707 datus
1025 1649 1074 1710 est
1098 1639 1269 1718 dominini

318 1745 423 1812 doleat
446 1745 486 1812 de
510 1746 647 1831 pennatis
671 1746 738 1813 suis
761 1753 792 1813 et
815 1746 936 1826 alienis,
960 1753 997 1814 ut
1021 1764 1162 1816 moerens
1176 1745 1217 1814 sit
1231 1744 1268 1811 de
1354 1784 1355 1876 p

318 1851 468 1918 dilatione
492 1851 624 1937 patriae,
648 1852 758 1920 timeat
782 1852 938 1939 supplicia
963 1854 1088 1933 inferni,
1110 1853 1211 1921 doleat
1231 1850 1266 1917 de
1354 1891 1355 1914 i

316 1956 554 2043 imperfectione
577 1976 646 2037 sna,
671 1960 883 2045 compatiatur
906 1960 1028 2028 alienae
1048 1960 1214 2039 afflictioni,
1235 1965 1266 2024 nt

317 2081 375 2149 per
410 2063 626 2131 maturitatem
663 2065 751 2132 utilis
787 2065 893 2132 luotus
927 2065 1081 2132 excludat
1115 2065 1263 2133 levitatem

317 2185 418 2236 ranae
443 2169 597 2246 laetitiae,
620 2187 703 2256 quae
734 2178 783 2238 est
818 2172 930 2238 nutrix
964 2171 1188 2239 dissolutionis.
1208 2168 1262 2236 Sed

317 2274 396 2341 haee
419 2275 501 2342 bona
529 2284 560 2344 et
590 2277 774 2343 seeundum
806 2277 912 2344 Deam
944 2277 1099 2357 tristitia,
1129 2292 1265 2364 perversa

316 2380 409 2461 laeta,
434 2389 555 2449 mutata
577 2392 626 2450 est
650 2385 681 2449 in
706 2383 881 2450 tristitiam
904 2383 1034 2451 saecuti
1055 2393 1190 2452 mortem
1205 2401 1264 2469 ape

317 2496 449 2554 reatem
466 2489 491 2566 ¹,
517 2490 548 2556 in
572 2489 836 2575 desperationem,
861 2489 1071 2558 diffidentiam
1101 2500 1132 2561 et
1159 2488 1265 2559 irratio

283 2589 287 2598 '
317 2593 454 2662 nabilem
480 2613 668 2663 moerorem.

655 2828 838 2897 Gariannum
861 2830 937 2897 XXl.

408 3023 521 3106 Quare
544 3020 673 3091 mmiai
693 3025 794 3092 datae
817 3025 862 3092 sit
884 3022 1025 3113 affectae
1044 3025 1178 3114 paudii.

404 3237 541 3307 allectas
561 3237 686 3326 paadii
709 3239 803 3306 datus
827 3237 886 3305 luit
911 3238 1042 3320 homini,
1066 3246 1103 3305 ut
1125 3237 1269 3326 gauderet

315 3344 347 3411 in
371 3344 437 3412 Deo
459 3352 491 3413 et
515 3345 546 3412 in
580 3362 638 3431 spe
671 3352 876 3413 aeternorum
909 3345 1067 3414 bonorum
1102 3352 1135 3414 et
1158 3343 1267 3414 intuita

387 3569 395 3605 ¹
416 3571 444 3624 ll.
462 3569 522 3626 Car.
541 3571 567 3638 7,
587 3573 629 3626 t0.
