2776 4316
326 245 391 310 292
683 260 772 307 ursan
795 191 933 306 suarius.

327 366 428 432 illinc.
455 367 522 450 Qui
544 365 650 452 operit
673 365 788 432 odiant
811 361 1063 451 fh·audulenter·,
1085 362 1277 432 revelabitur

326 472 458 540 melltta
482 473 556 538 eiua
579 481 638 538 etc.

415 581 446 646 l.
470 581 597 648 Tertius
621 578 773 646 castitatis
796 578 918 664 gradus
941 586 989 646 est
1013 578 1056 645 ila
1078 578 1217 645 domitas
1235 577 1279 644 ha·

326 688 403 755 here
427 688 532 755 carnis
556 687 839 771 concupiscentias,
863 687 949 772 qnod
974 687 1030 752 vix
1063 687 1228 754 rarissime
1254 693 1280 752 et

326 794 513 861 tenuissime
530 793 718 873 sentiantur,
731 802 762 860 et
778 811 819 860 ex
836 793 952 868 affectu
968 793 1064 859 talem
1082 793 1227 860 induisse
1241 809 1280 860 ra·

326 901 439 968 scitatis
456 901 664 979 allectionem,
677 909 713 967 ut
730 900 860 966 horreat
875 907 906 966 et
923 899 966 966 ita
982 899 1159 966 detestetur
1179 915 1281 965 omnes

324 1008 469 1074 carnales
493 1016 609 1086 motus,
632 1005 718 1091 quod
743 1008 834 1092 quasi
860 1023 1010 1072 nauseam
1047 1006 1121 1073 inde
1149 1006 1281 1092 patiatur

324 1131 381 1180 nec
406 1113 505 1198 possit
538 1112 651 1179 audire
676 1112 804 1179 tractari
834 1111 875 1178 dc
907 1110 1060 1196 operibus
1090 1111 1199 1178 caruis
1227 1108 1280 1175 uisi

324 1237 397 1286 cum
424 1220 556 1286 horrore
580 1220 686 1285 cordis
709 1227 741 1285 et
763 1218 994 1285 exsecratione.
1018 1219 1048 1283 Si
1065 1218 1197 1303 quando
1214 1234 1281 1282 sero
1365 1255 1366 1260 ,

315 1345 383 1414 pro
408 1327 541 1393 utilitate
565 1327 702 1392 aliorum
727 1325 767 1391 de
791 1325 984 1392 matrimonii
1010 1324 1136 1392 casibus
1166 1322 1280 1408 aliquid

323 1435 524 1500 tractandum
550 1433 699 1513 occurrit,
731 1433 774 1499 ita
798 1433 923 1518 quietos
952 1440 1058 1500 motus
1081 1451 1160 1498 suae
1183 1429 1279 1500 carnis

323 1541 447 1618 sentiat,
471 1539 533 1605 acsi
559 1538 691 1605 deluto
716 1538 763 1605 vel
790 1537 950 1623 lapidibus
976 1537 1024 1604 vel
1050 1538 1212 1605 similibus
1227 1545 1280 1602 tra·

323 1655 472 1714 claretur.
500 1647 534 1712 Et
557 1664 630 1714 cum
657 1663 713 1730 per
737 1663 882 1729 soporem
901 1646 1002 1712 somni
1020 1644 1197 1711 humorum
1218 1642 1279 1710 red·

322 1754 476 1820 undantia
500 1752 689 1820 naturaliter
713 1769 746 1818 se
773 1750 912 1831 resolvit,
933 1753 976 1817 ila
997 1751 1104 1837 quiete
1130 1758 1164 1818 et
1188 1750 1280 1816 insen

324 1860 458 1927 sibiliter
483 1859 630 1945 prollual,
655 1866 690 1925 ut
706 1877 764 1926 nec
779 1857 923 1943 turpium
944 1857 1188 1944 phantasiarum
1214 1858 1278 1922 ime·

322 1967 535 2052 ginationibus
559 1967 715 2034 illudatur
741 1983 800 2033 nec
823 1983 919 2033 sensu
936 1965 1047 2032 foedae
1069 1962 1277 2032 delectationis

321 2075 477 2142 titilletur.
504 2075 562 2141 lsta
585 2081 634 2140 est
651 2073 807 2159 perlectae
824 2072 976 2139 castitatis
991 2072 1175 2158 descriptio,
1191 2077 1278 2158 pmut

323 2182 353 2248 in
381 2181 438 2248 ltoc
463 2181 581 2267 peccati
606 2197 739 2264 corpore
763 2188 908 2266 potesta
934 2179 1010 2246 viris
1045 2177 1276 2266 perfectissimis

323 2288 469 2355 obtineri.
495 2288 533 2355 Ut
556 2295 663 2354 autem
688 2285 843 2361 stabiliter
868 2286 898 2352 in
923 2286 983 2352 hoc
1006 2286 1110 2371 gradu
1136 2295 1168 2354 et
1191 2283 1277 2354 conti·

324 2411 387 2460 nuo
410 2401 626 2479 perseverent,
650 2401 738 2479 puto,
761 2392 801 2458 ad
835 2392 895 2458 hoc
926 2392 1045 2478 requiri
1079 2393 1275 2479 priuilegium

320 2502 492 2587 singulare,
515 2520 553 2567 en
576 2502 660 2588 quod
686 2519 785 2586 supra
809 2500 964 2567 naturalis
988 2499 1207 2586 possibilitatis
1222 2515 1276 2564 me

320 2616 368 2675 tas
392 2625 462 2674 esse
487 2607 634 2674 videatur
662 2607 726 2672 «in
751 2624 847 2673 earne
871 2605 980 2673 vivere
1003 2613 1034 2676 et
1069 2607 1177 2674 carnis
1208 2604 1274 2670 vitia

320 2733 381 2781 non
406 2715 524 2780 sentire
543 2713 551 2746 ¹
570 2739 600 2778 a.
625 2712 740 2798 Frigidi
766 2720 871 2780 tamen
895 2731 937 2779 ex
962 2720 1077 2780 natura
1094 2713 1145 2780 sel
1162 2732 1203 2782 ex
1227 2712 1275 2778 de·

320 2821 494 2888 militatione
517 2820 660 2904 corporis
684 2821 790 2886 carnis
807 2819 947 2887 motibus
963 2837 1073 2887 carere
1090 2819 1274 2906 plerumque

318 2919 462 3014 possunt.
497 2926 557 2994 Sed
595 2927 709 2993 mentis
733 2927 861 2994 castitas
888 2944 963 2994 curn
988 2926 1154 3012 praedicta
1177 2925 1274 2995 carnis

318 3033 458 3119 puritate
482 3049 523 3098 ex
541 3030 608 3098 sola
633 3031 750 3097 virtute
774 3049 846 3098 cum
872 3030 929 3097 Dei
951 3032 1054 3116 gratia
1077 3032 1274 3118 presidatum

319 3139 404 3207 unde
427 3147 458 3206 et
481 3138 666 3224 Propheta¹
699 3138 760 3206 hoc
791 3138 882 3225 quasi
918 3139 1100 3225 prodigium
1134 3142 1273 3215 miratur,

319 3264 392 3314 oum
418 3246 509 3313 dicit:
543 3245 649 3312 Venite
672 3254 701 3311 et
735 3245 839 3312 videte
873 3264 976 3332 opera
1012 3245 1161 3326 Domini,
1196 3261 1275 3336 quae

389 3403 472 3460 'Clu
491 3407 604 3474 Hieron,
624 3407 671 3471 Ep.
691 3405 736 3458 dl.
757 3405 831 3471 (alias
853 3405 906 3474 ld.)
926 3405 959 3458 ud
979 3405 1093 3470 Furiam,
1119 3421 1145 3460 n.
1165 3407 1196 3460 9:
1226 3405 1272 3458 «lu

317 3509 395 3548 carne
415 3509 466 3548 non
486 3495 625 3548 carnaliter
642 3497 735 3547 vivere
748 3512 775 3548 ι.

388 3581 399 3614 ¹
420 3585 459 3637 l’s.
480 3583 523 3650 te,
541 3585 567 3637 9.
588 3585 630 3638 to.
649 3590 676 3638 et
694 3585 759 3636 intra
779 3598 806 3637 v.
826 3584 868 3638 ll.
