<?xml version="1.0" encoding="UTF-8"?>
<!DOCTYPE html PUBLIC "-//W3C//DTD XHTML 1.0 Transitional//EN"
    "http://www.w3.org/TR/xhtml1/DTD/xhtml1-transitional.dtd">
<html xmlns="http://www.w3.org/1999/xhtml" xml:lang="en" lang="en">
 <head>
  <title>
</title>
<meta http-equiv="Content-Type" content="text/html;charset=utf-8" />
  <meta name='ocr-system' content='tesseract 3.04.00' />
  <meta name='ocr-capabilities' content='ocr_page ocr_carea ocr_par ocr_line ocrx_word'/>
</head>
<body>
  <div class='ocr_page' id='page_1' title='image "./deexterioriseti00davigoog_0024.png"; bbox 0 0 2738 4316; ppageno 0'>
   <div class='ocr_carea' id='block_1_1' title="bbox 497 210 1070 260">
    <p class='ocr_par' dir='ltr' id='par_1_1' title="bbox 497 210 1070 260">
     <span class='ocr_line' id='line_1_1' title="bbox 497 210 1070 260; baseline -0.003 0"><span class='ocrx_word' id='word_1_1' title='bbox 497 210 681 260; x_wconf 71' lang='lat' dir='ltr'><strong>rasataim.</strong></span> <span class='ocrx_word' id='word_1_2' title='bbox 1005 211 1070 258; x_wconf 82' lang='lat' dir='ltr'><strong>xvii</strong></span> 
     </span>
    </p>
   </div>
   <div class='ocr_carea' id='block_1_2' title="bbox 105 317 1072 3326">
    <p class='ocr_par' dir='ltr' id='par_1_2' title="bbox 106 317 1072 1276">
     <span class='ocr_line' id='line_1_2' title="bbox 108 317 1071 383; baseline 0 -13"><span class='ocrx_word' id='word_1_3' title='bbox 108 322 134 372; x_wconf 93' lang='lat' dir='ltr'><strong>in</strong></span> <span class='ocrx_word' id='word_1_4' title='bbox 153 318 290 372; x_wconf 77' lang='lat' dir='ltr'><strong>altioribus</strong></span> <span class='ocrx_word' id='word_1_5' title='bbox 308 326 335 371; x_wconf 88' lang='lat' dir='ltr'><strong>et</strong></span> <span class='ocrx_word' id='word_1_6' title='bbox 353 318 564 371; x_wconf 77' lang='lat' dir='ltr'><strong>extraordinariis</strong></span> <span class='ocrx_word' id='word_1_7' title='bbox 583 317 713 383; x_wconf 79' lang='lat' dir='ltr'><strong>gradibus</strong></span> <span class='ocrx_word' id='word_1_8' title='bbox 730 319 956 382; x_wconf 86' lang='lat' dir='ltr'><strong>contemplationis</strong></span> <span class='ocrx_word' id='word_1_9' title='bbox 968 331 997 370; x_wconf 90' lang='lat' dir='ltr'><strong>so</strong></span> <span class='ocrx_word' id='word_1_10' title='bbox 1010 331 1071 381; x_wconf 93' lang='lat' dir='ltr'><strong>pro·</strong></span> 
     </span>
     <span class='ocr_line' id='line_1_3' title="bbox 108 406 1072 474; baseline -0.001 -13"><span class='ocrx_word' id='word_1_11' title='bbox 108 409 153 461; x_wconf 89' lang='lat' dir='ltr'><strong>bat</strong></span> <span class='ocrx_word' id='word_1_12' title='bbox 170 417 309 474; x_wconf 83' lang='lat' dir='ltr'><strong>expertum</strong></span> <span class='ocrx_word' id='word_1_13' title='bbox 329 412 354 463; x_wconf 87' lang='lat' dir='ltr'><strong>ct</strong></span> <span class='ocrx_word' id='word_1_14' title='bbox 372 421 496 461; x_wconf 88' lang='lat' dir='ltr'><strong>securum</strong></span> <span class='ocrx_word' id='word_1_15' title='bbox 517 409 680 473; x_wconf 88' lang='lat' dir='ltr'><strong>magistrum.</strong></span> <span class='ocrx_word' id='word_1_16' title='bbox 700 406 766 459; x_wconf 88' lang='lat' dir='ltr'><strong>Cum</strong></span> <span class='ocrx_word' id='word_1_17' title='bbox 785 407 908 461; x_wconf 88' lang='lat' dir='ltr'><strong>omnibus</strong></span> <span class='ocrx_word' id='word_1_18' title='bbox 927 421 991 460; x_wconf 87' lang='lat' dir='ltr'><strong>vere</strong></span> <span class='ocrx_word' id='word_1_19' title='bbox 1013 421 1072 473; x_wconf 91' lang='lat' dir='ltr'><strong>pro·</strong></span> 
     </span>
     <span class='ocr_line' id='line_1_4' title="bbox 107 496 1071 562; baseline 0.002 -14"><span class='ocrx_word' id='word_1_20' title='bbox 107 496 176 550; x_wconf 88' lang='lat' dir='ltr'><strong>batis</strong></span> <span class='ocrx_word' id='word_1_21' title='bbox 194 497 337 562; x_wconf 84' lang='lat' dir='ltr'><strong>spiritualis</strong></span> <span class='ocrx_word' id='word_1_22' title='bbox 355 499 424 549; x_wconf 91' lang='lat' dir='ltr'><strong>vitae</strong></span> <span class='ocrx_word' id='word_1_23' title='bbox 444 498 575 562; x_wconf 78' lang='lat' dir='ltr'><strong>magistris</strong></span> <span class='ocrx_word' id='word_1_24' title='bbox 594 497 782 561; x_wconf 76' lang='lat' dir='ltr'><strong>perfectionem</strong></span> <span class='ocrx_word' id='word_1_25' title='bbox 801 510 852 550; x_wconf 93' lang='lat' dir='ltr'><strong>non</strong></span> <span class='ocrx_word' id='word_1_26' title='bbox 872 499 945 562; x_wconf 91' lang='lat' dir='ltr'><strong>ponit</strong></span> <span class='ocrx_word' id='word_1_27' title='bbox 969 498 994 550; x_wconf 90' lang='lat' dir='ltr'><strong>in</strong></span> <span class='ocrx_word' id='word_1_28' title='bbox 1014 510 1071 550; x_wconf 90' lang='lat' dir='ltr'><strong>sen-</strong></span> 
     </span>
     <span class='ocr_line' id='line_1_5' title="bbox 107 583 1068 652; baseline 0 -14"><span class='ocrx_word' id='word_1_29' title='bbox 107 586 176 638; x_wconf 78' lang='lat' dir='ltr'><strong>sibili</strong></span> <span class='ocrx_word' id='word_1_30' title='bbox 197 586 346 652; x_wconf 90' lang='lat' dir='ltr'><strong>devotione‚</strong></span> <span class='ocrx_word' id='word_1_31' title='bbox 367 587 393 637; x_wconf 94' lang='lat' dir='ltr'><strong>in</strong></span> <span class='ocrx_word' id='word_1_32' title='bbox 413 585 462 638; x_wconf 89' lang='lat' dir='ltr'><strong>alta</strong></span> <span class='ocrx_word' id='word_1_33' title='bbox 481 586 708 651; x_wconf 87' lang='lat' dir='ltr'><strong>contomplatione,</strong></span> <span class='ocrx_word' id='word_1_34' title='bbox 729 587 754 638; x_wconf 92' lang='lat' dir='ltr'><strong>in</strong></span> <span class='ocrx_word' id='word_1_35' title='bbox 768 583 1011 650; x_wconf 81' lang='lat' dir='ltr'><strong>supernaturalibus</strong></span> <span class='ocrx_word' id='word_1_36' title='bbox 1023 585 1068 638; x_wconf 85' lang='lat' dir='ltr'><strong>do</strong></span> 
     </span>
     <span class='ocr_line' id='line_1_6' title="bbox 107 673 1068 741; baseline -0.002 -13"><span class='ocrx_word' id='word_1_37' title='bbox 107 678 157 738; x_wconf 89' lang='lat' dir='ltr'><strong>nis,</strong></span> <span class='ocrx_word' id='word_1_38' title='bbox 177 675 323 728; x_wconf 87' lang='lat' dir='ltr'><strong>visionibus</strong></span> <span class='ocrx_word' id='word_1_39' title='bbox 341 680 367 728; x_wconf 91' lang='lat' dir='ltr'><strong>et</strong></span> <span class='ocrx_word' id='word_1_40' title='bbox 386 674 590 728; x_wconf 88' lang='lat' dir='ltr'><strong>revelationibus</strong></span> <span class='ocrx_word' id='word_1_41' title='bbox 609 673 666 728; x_wconf 84' lang='lat' dir='ltr'><strong>non&#39;</strong></span> <span class='ocrx_word' id='word_1_42' title='bbox 682 688 743 727; x_wconf 90' lang='lat' dir='ltr'><strong>raro</strong></span> <span class='ocrx_word' id='word_1_43' title='bbox 755 674 897 741; x_wconf 90' lang='lat' dir='ltr'><strong>lallaclbus,</strong></span> <span class='ocrx_word' id='word_1_44' title='bbox 911 675 957 728; x_wconf 90' lang='lat' dir='ltr'><strong>sed</strong></span> <span class='ocrx_word' id='word_1_45' title='bbox 971 677 996 726; x_wconf 93' lang='lat' dir='ltr'><strong>in</strong></span> <span class='ocrx_word' id='word_1_46' title='bbox 1009 688 1068 728; x_wconf 93' lang='lat' dir='ltr'><strong>con·</strong></span> 
     </span>
     <span class='ocr_line' id='line_1_7' title="bbox 108 765 1067 832; baseline -0.002 -14"><span class='ocrx_word' id='word_1_47' title='bbox 108 767 182 818; x_wconf 92' lang='lat' dir='ltr'><strong>tinuo</strong></span> <span class='ocrx_word' id='word_1_48' title='bbox 195 767 316 820; x_wconf 80' lang='lat' dir='ltr'><strong>exercitio</strong></span> <span class='ocrx_word' id='word_1_49' title='bbox 328 767 446 818; x_wconf 90' lang='lat' dir='ltr'><strong>omnium</strong></span> <span class='ocrx_word' id='word_1_50' title='bbox 462 767 597 831; x_wconf 90' lang='lat' dir='ltr'><strong>virtutum,</strong></span> <span class='ocrx_word' id='word_1_51' title='bbox 613 765 767 829; x_wconf 90' lang='lat' dir='ltr'><strong>praesertim</strong></span> <span class='ocrx_word' id='word_1_52' title='bbox 779 765 941 826; x_wconf 87' lang='lat' dir='ltr'><strong>interiorum,</strong></span> <span class='ocrx_word' id='word_1_53' title='bbox 954 776 1067 832; x_wconf 85' lang='lat' dir='ltr'><strong>quarum</strong></span> 
     </span>
     <span class='ocr_line' id='line_1_8' title="bbox 107 851 1071 920; baseline 0 -15"><span class='ocrx_word' id='word_1_54' title='bbox 107 855 310 908; x_wconf 88' lang='lat' dir='ltr'><strong>tundamentum</strong></span> <span class='ocrx_word' id='word_1_55' title='bbox 324 862 363 909; x_wconf 91' lang='lat' dir='ltr'><strong>est</strong></span> <span class='ocrx_word' id='word_1_56' title='bbox 376 853 517 909; x_wconf 79' lang='lat' dir='ltr'><strong>humilitas</strong></span> <span class='ocrx_word' id='word_1_57' title='bbox 530 863 555 907; x_wconf 89' lang='lat' dir='ltr'><strong>et</strong></span> <span class='ocrx_word' id='word_1_58' title='bbox 567 868 633 920; x_wconf 85' lang='lat' dir='ltr'><strong>apex</strong></span> <span class='ocrx_word' id='word_1_59' title='bbox 646 859 671 906; x_wconf 89' lang='lat' dir='ltr'><strong>et</strong></span> <span class='ocrx_word' id='word_1_60' title='bbox 681 854 764 906; x_wconf 86' lang='lat' dir='ltr'><strong>torma</strong></span> <span class='ocrx_word' id='word_1_61' title='bbox 778 851 879 908; x_wconf 80' lang='lat' dir='ltr'><strong>coritas</strong></span> <span class='ocrx_word' id='word_1_62' title='bbox 888 853 934 906; x_wconf 86' lang='lat' dir='ltr'><strong>Dei</strong></span> <span class='ocrx_word' id='word_1_63' title='bbox 946 859 972 904; x_wconf 90' lang='lat' dir='ltr'><strong>et</strong></span> <span class='ocrx_word' id='word_1_64' title='bbox 985 853 1071 918; x_wconf 83' lang='lat' dir='ltr'><strong>proxi·</strong></span> 
     </span>
     <span class='ocr_line' id='line_1_9' title="bbox 108 942 1069 1011; baseline -0.003 -15"><span class='ocrx_word' id='word_1_65' title='bbox 108 945 154 996; x_wconf 91' lang='lat' dir='ltr'><strong>mi.</strong></span> <span class='ocrx_word' id='word_1_66' title='bbox 170 943 255 997; x_wconf 89' lang='lat' dir='ltr'><strong>Valde</strong></span> <span class='ocrx_word' id='word_1_67' title='bbox 271 943 414 997; x_wconf 90' lang='lat' dir='ltr'><strong>notandum</strong></span> <span class='ocrx_word' id='word_1_68' title='bbox 434 945 558 1011; x_wconf 88' lang='lat' dir='ltr'><strong>estquod</strong></span> <span class='ocrx_word' id='word_1_69' title='bbox 578 944 645 997; x_wconf 90' lang='lat' dir='ltr'><strong>libro</strong></span> <span class='ocrx_word' id='word_1_70' title='bbox 657 943 695 995; x_wconf 89' lang='lat' dir='ltr'><strong>tlt.</strong></span> <span class='ocrx_word' id='word_1_71' title='bbox 708 956 732 996; x_wconf 91' lang='lat' dir='ltr'><strong>c.</strong></span> <span class='ocrx_word' id='word_1_72' title='bbox 745 942 788 995; x_wconf 83' lang='grc'><strong>67.</strong></span> <span class='ocrx_word' id='word_1_73' title='bbox 803 957 828 994; x_wconf 86' lang='lat' dir='ltr'><strong>n.</strong></span> <span class='ocrx_word' id='word_1_74' title='bbox 843 943 866 994; x_wconf 91' lang='lat' dir='ltr'><strong>l.</strong></span> <span class='ocrx_word' id='word_1_75' title='bbox 885 942 961 996; x_wconf 86' lang='lat' dir='ltr'><strong>docet</strong></span> <span class='ocrx_word' id='word_1_76' title='bbox 980 947 1069 995; x_wconf 91' lang='lat' dir='ltr'><strong>contra</strong></span> 
     </span>
     <span class='ocr_line' id='line_1_10' title="bbox 108 1029 1069 1100; baseline -0.003 -16"><span class='ocrx_word' id='word_1_77' title='bbox 108 1034 213 1098; x_wconf 90' lang='lat' dir='ltr'><strong>multos,</strong></span> <span class='ocrx_word' id='word_1_78' title='bbox 234 1036 279 1100; x_wconf 88' lang='lat' dir='ltr'><strong>qui</strong></span> <span class='ocrx_word' id='word_1_79' title='bbox 300 1035 408 1085; x_wconf 90' lang='lat' dir='ltr'><strong>nimium</strong></span> <span class='ocrx_word' id='word_1_80' title='bbox 429 1032 577 1086; x_wconf 87' lang='lat' dir='ltr'><strong>tribuerunt</strong></span> <span class='ocrx_word' id='word_1_81' title='bbox 594 1031 741 1084; x_wconf 90' lang='lat' dir='ltr'><strong>visionibus</strong></span> <span class='ocrx_word' id='word_1_82' title='bbox 759 1039 784 1084; x_wconf 89' lang='lat' dir='ltr'><strong>et</strong></span> <span class='ocrx_word' id='word_1_83' title='bbox 805 1030 1008 1085; x_wconf 85' lang='lat' dir='ltr'><strong>revelationibus</strong></span> <span class='ocrx_word' id='word_1_84' title='bbox 1027 1029 1069 1082; x_wconf 91' lang='lat' dir='ltr'><strong>vel</strong></span> 
     </span>
     <span class='ocr_line' id='line_1_11' title="bbox 106 1119 1069 1190; baseline -0.003 -16"><span class='ocrx_word' id='word_1_85' title='bbox 106 1123 193 1184; x_wconf 87' lang='lat' dir='ltr'><strong>novis,</strong></span> <span class='ocrx_word' id='word_1_86' title='bbox 212 1123 256 1174; x_wconf 88' lang='lat' dir='ltr'><strong>vei</strong></span> <span class='ocrx_word' id='word_1_87' title='bbox 274 1124 389 1190; x_wconf 86' lang='lat' dir='ltr'><strong>antiquis</strong></span> <span class='ocrx_word' id='word_1_88' title='bbox 406 1119 509 1174; x_wconf 89' lang='lat' dir='ltr'><strong>abbatis</strong></span> <span class='ocrx_word' id='word_1_89' title='bbox 527 1122 653 1185; x_wconf 89' lang='lat' dir='ltr'><strong>loacbim;</strong></span> <span class='ocrx_word' id='word_1_90' title='bbox 667 1123 693 1174; x_wconf 93' lang='lat' dir='ltr'><strong>in</strong></span> <span class='ocrx_word' id='word_1_91' title='bbox 707 1134 835 1187; x_wconf 87' lang='lat' dir='ltr'><strong>quocum</strong></span> <span class='ocrx_word' id='word_1_92' title='bbox 848 1121 1069 1173; x_wconf 61' lang='lat' dir='ltr'><strong>&amp;bonaventura</strong></span> 
     </span>
     <span class='ocr_line' id='line_1_12' title="bbox 106 1193 1070 1276; baseline -0.004 -12"><span class='ocrx_word' id='word_1_93' title='bbox 106 1211 175 1264; x_wconf 90' lang='lat' dir='ltr'><strong>bene</strong></span> <span class='ocrx_word' id='word_1_94' title='bbox 185 1213 309 1264; x_wconf 91' lang='lat' dir='ltr'><strong>convenit</strong></span> <span class='ocrx_word' id='word_1_95' title='bbox 318 1217 407 1264; x_wconf 86' lang='lat' dir='ltr'><strong>contra</strong></span> <span class='ocrx_word' id='word_1_96' title='bbox 417 1211 554 1264; x_wconf 88' lang='lat' dir='ltr'><strong>aliossuae</strong></span> <span class='ocrx_word' id='word_1_97' title='bbox 564 1213 654 1264; x_wconf 88' lang='lat' dir='ltr'><strong>aetatis</strong></span> <span class='ocrx_word' id='word_1_98' title='bbox 663 1211 809 1276; x_wconf 79' lang='lat' dir='ltr'><strong>Religiosos</strong></span> <span class='ocrx_word' id='word_1_99' title='bbox 818 1207 922 1262; x_wconf 89' lang='lat' dir='ltr'><strong>Ordinis</strong></span> <span class='ocrx_word' id='word_1_100' title='bbox 932 1193 1070 1262; x_wconf 73' lang='lat' dir='ltr'><strong>lti&#39;norum.</strong></span> 
     </span>
    </p>

    <p class='ocr_par' dir='ltr' id='par_1_3' title="bbox 107 1298 1070 1531">
     <span class='ocr_line' id='line_1_13' title="bbox 178 1298 1069 1365; baseline -0.002 -13"><span class='ocrx_word' id='word_1_101' title='bbox 178 1301 280 1365; x_wconf 81' lang='lat' dir='ltr'><strong>Lingua</strong></span> <span class='ocrx_word' id='word_1_102' title='bbox 301 1299 378 1353; x_wconf 90' lang='lat' dir='ltr'><strong>latina</strong></span> <span class='ocrx_word' id='word_1_103' title='bbox 397 1302 476 1352; x_wconf 90' lang='lat' dir='ltr'><strong>buius</strong></span> <span class='ocrx_word' id='word_1_104' title='bbox 495 1299 553 1352; x_wconf 91' lang='lat' dir='ltr'><strong>libri</strong></span> <span class='ocrx_word' id='word_1_105' title='bbox 572 1306 641 1352; x_wconf 82' lang='lat' dir='ltr'><strong>certe</strong></span> <span class='ocrx_word' id='word_1_106' title='bbox 661 1313 712 1352; x_wconf 92' lang='lat' dir='ltr'><strong>non</strong></span> <span class='ocrx_word' id='word_1_107' title='bbox 732 1307 771 1352; x_wconf 91' lang='lat' dir='ltr'><strong>est</strong></span> <span class='ocrx_word' id='word_1_108' title='bbox 798 1299 914 1364; x_wconf 89' lang='lat' dir='ltr'><strong>classica,</strong></span> <span class='ocrx_word' id='word_1_109' title='bbox 945 1298 991 1350; x_wconf 89' lang='lat' dir='ltr'><strong>sed</strong></span> <span class='ocrx_word' id='word_1_110' title='bbox 1020 1312 1069 1351; x_wconf 91' lang='lat' dir='ltr'><strong>suo</strong></span> 
     </span>
     <span class='ocr_line' id='line_1_14' title="bbox 107 1388 1070 1454; baseline -0.002 -12"><span class='ocrx_word' id='word_1_111' title='bbox 107 1404 174 1444; x_wconf 89' lang='lat' dir='ltr'><strong>aevo</strong></span> <span class='ocrx_word' id='word_1_112' title='bbox 193 1395 329 1454; x_wconf 89' lang='lat' dir='ltr'><strong>consueta,</strong></span> <span class='ocrx_word' id='word_1_113' title='bbox 349 1403 396 1440; x_wconf 94' lang='lat' dir='ltr'><strong>nec</strong></span> <span class='ocrx_word' id='word_1_114' title='bbox 415 1388 509 1443; x_wconf 88' lang='lat' dir='ltr'><strong>desunt</strong></span> <span class='ocrx_word' id='word_1_115' title='bbox 527 1390 708 1454; x_wconf 89' lang='lat' dir='ltr'><strong>germanismi.</strong></span> <span class='ocrx_word' id='word_1_116' title='bbox 728 1389 828 1440; x_wconf 89' lang='lat' dir='ltr'><strong>Tamen</strong></span> <span class='ocrx_word' id='word_1_117' title='bbox 848 1401 935 1440; x_wconf 87' lang='lat' dir='ltr'><strong>sermo</strong></span> <span class='ocrx_word' id='word_1_118' title='bbox 959 1392 1070 1440; x_wconf 90' lang='lat' dir='ltr'><strong>nonest</strong></span> 
     </span>
     <span class='ocr_line' id='line_1_15' title="bbox 107 1476 402 1531; baseline -0.003 -1"><span class='ocrx_word' id='word_1_119' title='bbox 107 1479 223 1531; x_wconf 88' lang='lat' dir='ltr'><strong>incultus</strong></span> <span class='ocrx_word' id='word_1_120' title='bbox 242 1491 291 1530; x_wconf 90' lang='lat' dir='ltr'><strong>nec</strong></span> <span class='ocrx_word' id='word_1_121' title='bbox 310 1476 402 1529; x_wconf 89' lang='lat' dir='ltr'><strong>durus.</strong></span> 
     </span>
    </p>

    <p class='ocr_par' dir='ltr' id='par_1_4' title="bbox 105 1564 1071 3326">
     <span class='ocr_line' id='line_1_16' title="bbox 178 1564 1067 1632; baseline -0.002 -14"><span class='ocrx_word' id='word_1_122' title='bbox 178 1567 228 1619; x_wconf 81' lang='lat' dir='ltr'><strong>Alii</strong></span> <span class='ocrx_word' id='word_1_123' title='bbox 248 1572 369 1620; x_wconf 86' lang='lat' dir='ltr'><strong>auctores</strong></span> <span class='ocrx_word' id='word_1_124' title='bbox 388 1569 546 1632; x_wconf 88' lang='lat' dir='ltr'><strong>posteriores</strong></span> <span class='ocrx_word' id='word_1_125' title='bbox 565 1581 616 1619; x_wconf 92' lang='lat' dir='ltr'><strong>uon</strong></span> <span class='ocrx_word' id='word_1_126' title='bbox 636 1579 719 1632; x_wconf 90' lang='lat' dir='ltr'><strong>pauca</strong></span> <span class='ocrx_word' id='word_1_127' title='bbox 748 1564 783 1619; x_wconf 91' lang='lat' dir='ltr'><strong>ab</strong></span> <span class='ocrx_word' id='word_1_128' title='bbox 801 1579 833 1617; x_wconf 89' lang='lat' dir='ltr'><strong>eo</strong></span> <span class='ocrx_word' id='word_1_129' title='bbox 861 1566 972 1618; x_wconf 91' lang='lat' dir='ltr'><strong>mutuati</strong></span> <span class='ocrx_word' id='word_1_130' title='bbox 998 1570 1067 1620; x_wconf 84' lang='lat' dir='ltr'><strong>sunt.</strong></span> 
     </span>
     <span class='ocr_line' id='line_1_17' title="bbox 107 1652 1069 1722; baseline -0.002 -14"><span class='ocrx_word' id='word_1_131' title='bbox 107 1658 209 1709; x_wconf 80' lang='lat' dir='ltr'><strong>Sufficit</strong></span> <span class='ocrx_word' id='word_1_132' title='bbox 228 1658 279 1708; x_wconf 89' lang='lat' dir='ltr'><strong>boc</strong></span> <span class='ocrx_word' id='word_1_133' title='bbox 297 1656 435 1710; x_wconf 87' lang='lat' dir='ltr'><strong>ostendere</strong></span> <span class='ocrx_word' id='word_1_134' title='bbox 454 1655 544 1722; x_wconf 82' lang='lat' dir='ltr'><strong>quoad</strong></span> <span class='ocrx_word' id='word_1_135' title='bbox 563 1655 694 1708; x_wconf 84' lang='lat' dir='ltr'><strong>celebrem</strong></span> <span class='ocrx_word' id='word_1_136' title='bbox 717 1657 805 1708; x_wconf 91' lang='lat' dir='ltr'><strong>virum</strong></span> <span class='ocrx_word' id='word_1_137' title='bbox 830 1652 976 1706; x_wconf 90' lang='lat' dir='ltr'><strong>Gerardum</strong></span> <span class='ocrx_word' id='word_1_138' title='bbox 1002 1653 1069 1721; x_wconf 87' lang='lat' dir='ltr'><strong>(Zer-</strong></span> 
     </span>
     <span class='ocr_line' id='line_1_18' title="bbox 105 1733 1069 1813; baseline -0.003 -14"><span class='ocrx_word' id='word_1_139' title='bbox 105 1745 172 1813; x_wconf 92' lang='lat' dir='ltr'><strong>bolt)</strong></span> <span class='ocrx_word' id='word_1_140' title='bbox 187 1760 202 1798; x_wconf 90' lang='lat' dir='ltr'><strong>a</strong></span> <span class='ocrx_word' id='word_1_141' title='bbox 215 1746 370 1811; x_wconf 88' lang='lat' dir='ltr'><strong>Zutpbanla,</strong></span> <span class='ocrx_word' id='word_1_142' title='bbox 389 1747 433 1812; x_wconf 88' lang='lat' dir='ltr'><strong>qui</strong></span> <span class='ocrx_word' id='word_1_143' title='bbox 453 1733 640 1798; x_wconf 58' lang='lat' dir='ltr'><strong>iuit&#39;columna</strong></span> <span class='ocrx_word' id='word_1_144' title='bbox 659 1744 789 1797; x_wconf 88' lang='lat' dir='ltr'><strong>societatis</strong></span> <span class='ocrx_word' id='word_1_145' title='bbox 801 1741 936 1798; x_wconf 80' lang='lat' dir='ltr'><strong>Fratrum</strong></span> <span class='ocrx_word' id='word_1_146' title='bbox 953 1741 981 1796; x_wconf 82' lang='lat' dir='ltr'><strong>m</strong></span> <span class='ocrx_word' id='word_1_147' title='bbox 1000 1753 1069 1797; x_wconf 82' lang='lat' dir='ltr'><strong>com·</strong></span> 
     </span>
     <span class='ocr_line' id='line_1_19' title="bbox 105 1833 1070 1899; baseline -0.002 -11"><span class='ocrx_word' id='word_1_148' title='bbox 105 1833 357 1899; x_wconf 71' lang='lat' dir='ltr'><strong>meretricantium,</strong></span> <span class='ocrx_word' id='word_1_149' title='bbox 376 1836 452 1887; x_wconf 89' lang='lat' dir='ltr'><strong>cuius</strong></span> <span class='ocrx_word' id='word_1_150' title='bbox 470 1835 593 1888; x_wconf 90' lang='lat' dir='ltr'><strong>alumnus</strong></span> <span class='ocrx_word' id='word_1_151' title='bbox 612 1835 660 1886; x_wconf 87' lang='lat' dir='ltr'><strong>tuit</strong></span> <span class='ocrx_word' id='word_1_152' title='bbox 679 1833 795 1887; x_wconf 89' lang='lat' dir='ltr'><strong>Tbomas</strong></span> <span class='ocrx_word' id='word_1_153' title='bbox 823 1833 987 1898; x_wconf 86' lang='lat' dir='ltr'><strong>allempen,</strong></span> <span class='ocrx_word' id='word_1_154' title='bbox 1015 1837 1070 1886; x_wconf 91' lang='lat' dir='ltr'><strong>toto</strong></span> 
     </span>
     <span class='ocr_line' id='line_1_20' title="bbox 106 1922 1071 1976; baseline -0.004 0"><span class='ocrx_word' id='word_1_155' title='bbox 106 1922 174 1976; x_wconf 90' lang='lat' dir='ltr'><strong>orbe</strong></span> <span class='ocrx_word' id='word_1_156' title='bbox 192 1928 323 1976; x_wconf 90' lang='lat' dir='ltr'><strong>terrarum</strong></span> <span class='ocrx_word' id='word_1_157' title='bbox 342 1925 502 1976; x_wconf 90' lang='lat' dir='ltr'><strong>notissimus.</strong></span> <span class='ocrx_word' id='word_1_158' title='bbox 520 1923 654 1976; x_wconf 84' lang='lat' dir='ltr'><strong>Gerardus</strong></span> <span class='ocrx_word' id='word_1_159' title='bbox 672 1929 792 1976; x_wconf 88' lang='lat' dir='ltr'><strong>mortuus</strong></span> <span class='ocrx_word' id='word_1_160' title='bbox 810 1927 849 1975; x_wconf 90' lang='lat' dir='ltr'><strong>est</strong></span> <span class='ocrx_word' id='word_1_161' title='bbox 868 1923 893 1974; x_wconf 96' lang='lat' dir='ltr'><strong>in</strong></span> <span class='ocrx_word' id='word_1_162' title='bbox 912 1922 1018 1974; x_wconf 91' lang='lat' dir='ltr'><strong>iuvenili</strong></span> <span class='ocrx_word' id='word_1_163' title='bbox 1031 1935 1071 1973; x_wconf 84' lang='lat' dir='ltr'><strong>ae·</strong></span> 
     </span>
     <span class='ocr_line' id='line_1_21' title="bbox 106 2009 1067 2081; baseline 0 -17"><span class='ocrx_word' id='word_1_164' title='bbox 106 2018 159 2064; x_wconf 91' lang='lat' dir='ltr'><strong>tate</strong></span> <span class='ocrx_word' id='word_1_165' title='bbox 179 2024 248 2064; x_wconf 86' lang='lat' dir='ltr'><strong>anno</strong></span> <span class='ocrx_word' id='word_1_166' title='bbox 269 2011 392 2064; x_wconf 70' lang='lat' dir='ltr'><strong>istisin</strong></span> <span class='ocrx_word' id='word_1_167' title='bbox 411 2011 521 2066; x_wconf 85' lang='lat' dir='ltr'><strong>tractatu</strong></span> <span class='ocrx_word' id='word_1_168' title='bbox 540 2011 659 2064; x_wconf 89' lang='lat' dir='ltr'><strong>eiusdem</strong></span> <span class='ocrx_word' id='word_1_169' title='bbox 684 2011 717 2065; x_wconf 86' lang='lat' dir='ltr'><strong>de</strong></span> <span class='ocrx_word' id='word_1_170' title='bbox 740 2009 939 2081; x_wconf 69' lang='lat' dir='ltr'><strong>deformatione</strong></span> <span class='ocrx_word' id='word_1_171' title='bbox 966 2009 1067 2065; x_wconf 84' lang='lat' dir='ltr'><strong>virium</strong></span> 
     </span>
     <span class='ocr_line' id='line_1_22' title="bbox 106 2099 1069 2164; baseline -0.003 -10"><span class='ocrx_word' id='word_1_172' title='bbox 106 2099 238 2154; x_wconf 84' lang='lat' dir='ltr'><strong>onimoe¹</strong></span> <span class='ocrx_word' id='word_1_173' title='bbox 258 2113 309 2152; x_wconf 93' lang='lat' dir='ltr'><strong>nou</strong></span> <span class='ocrx_word' id='word_1_174' title='bbox 329 2106 428 2153; x_wconf 90' lang='lat' dir='ltr'><strong>tantum</strong></span> <span class='ocrx_word' id='word_1_175' title='bbox 449 2102 528 2154; x_wconf 91' lang='lat' dir='ltr'><strong>mulia</strong></span> <span class='ocrx_word' id='word_1_176' title='bbox 548 2102 649 2164; x_wconf 90' lang='lat' dir='ltr'><strong>accepit</strong></span> <span class='ocrx_word' id='word_1_177' title='bbox 667 2114 697 2152; x_wconf 83' lang='lat' dir='ltr'><strong>er</strong></span> <span class='ocrx_word' id='word_1_178' title='bbox 716 2101 915 2154; x_wconf 85' lang='lat' dir='ltr'><strong>Beneventurae</strong></span> <span class='ocrx_word' id='word_1_179' title='bbox 936 2099 1069 2164; x_wconf 87' lang='lat' dir='ltr'><strong>opusculis</strong></span> 
     </span>
     <span class='ocr_line' id='line_1_23' title="bbox 108 2187 1069 2260; baseline 0 -18"><span class='ocrx_word' id='word_1_180' title='bbox 108 2191 218 2257; x_wconf 87' lang='lat' dir='ltr'><strong>(scilicet</strong></span> <span class='ocrx_word' id='word_1_181' title='bbox 230 2187 263 2244; x_wconf 84' lang='lat' dir='ltr'><strong>de</strong></span> <span class='ocrx_word' id='word_1_182' title='bbox 276 2188 374 2257; x_wconf 82' lang='lat' dir='ltr'><strong>triptici</strong></span> <span class='ocrx_word' id='word_1_183' title='bbox 388 2189 444 2255; x_wconf 85' lang='lat' dir='ltr'><strong>Vio,</strong></span> <span class='ocrx_word' id='word_1_184' title='bbox 466 2187 644 2260; x_wconf 82' lang='lat' dir='ltr'><strong>Proeporota‘o</strong></span> <span class='ocrx_word' id='word_1_185' title='bbox 661 2188 698 2244; x_wconf 84' lang='lat' dir='ltr'><strong>od</strong></span> <span class='ocrx_word' id='word_1_186' title='bbox 712 2189 835 2255; x_wconf 82' lang='lat' dir='ltr'><strong>Missum,</strong></span> <span class='ocrx_word' id='word_1_187' title='bbox 857 2197 935 2256; x_wconf 85' lang='lat' dir='ltr'><strong>atque</strong></span> <span class='ocrx_word' id='word_1_188' title='bbox 955 2187 1069 2258; x_wconf 75' lang='lat' dir='ltr'><strong>Liparum</strong></span> 
     </span>
     <span class='ocr_line' id='line_1_24' title="bbox 106 2265 1069 2343; baseline -0.002 -11"><span class='ocrx_word' id='word_1_189' title='bbox 106 2278 201 2343; x_wconf 86' lang='lat' dir='ltr'><strong>vitoe),</strong></span> <span class='ocrx_word' id='word_1_190' title='bbox 220 2277 268 2331; x_wconf 91' lang='lat' dir='ltr'><strong>sed</strong></span> <span class='ocrx_word' id='word_1_191' title='bbox 286 2280 364 2331; x_wconf 90' lang='lat' dir='ltr'><strong>etlam</strong></span> <span class='ocrx_word' id='word_1_192' title='bbox 382 2293 414 2331; x_wconf 82' lang='lat' dir='ltr'><strong>ea</strong></span> <span class='ocrx_word' id='word_1_193' title='bbox 433 2281 483 2332; x_wconf 90' lang='lat' dir='ltr'><strong>boc</strong></span> <span class='ocrx_word' id='word_1_194' title='bbox 502 2278 569 2331; x_wconf 88' lang='lat' dir='ltr'><strong>libro</strong></span> <span class='ocrx_word' id='word_1_195' title='bbox 588 2279 684 2332; x_wconf 84' lang='lat' dir='ltr'><strong>Fratris</strong></span> <span class='ocrx_word' id='word_1_196' title='bbox 702 2279 785 2331; x_wconf 86' lang='lat' dir='ltr'><strong>David</strong></span> <span class='ocrx_word' id='word_1_197' title='bbox 799 2280 929 2332; x_wconf 92' lang='lat' dir='ltr'><strong>mutuavit</strong></span> <span class='ocrx_word' id='word_1_198' title='bbox 938 2265 997 2331; x_wconf 84' lang='lat' dir='ltr'><strong>¹tum</strong></span> <span class='ocrx_word' id='word_1_199' title='bbox 1010 2290 1069 2331; x_wconf 90' lang='lat' dir='ltr'><strong>sen·</strong></span> 
     </span>
     <span class='ocr_line' id='line_1_25' title="bbox 107 2366 1066 2434; baseline -0.001 -14"><span class='ocrx_word' id='word_1_200' title='bbox 107 2371 202 2421; x_wconf 86' lang='lat' dir='ltr'><strong>tenitas</strong></span> <span class='ocrx_word' id='word_1_201' title='bbox 220 2367 325 2432; x_wconf 86' lang='lat' dir='ltr'><strong>multas,</strong></span> <span class='ocrx_word' id='word_1_202' title='bbox 343 2373 398 2420; x_wconf 93' lang='lat' dir='ltr'><strong>tum</strong></span> <span class='ocrx_word' id='word_1_203' title='bbox 418 2366 550 2434; x_wconf 87' lang='lat' dir='ltr'><strong>quaedam</strong></span> <span class='ocrx_word' id='word_1_204' title='bbox 570 2369 623 2420; x_wconf 89' lang='lat' dir='ltr'><strong>iere</strong></span> <span class='ocrx_word' id='word_1_205' title='bbox 650 2367 820 2421; x_wconf 86' lang='lat' dir='ltr'><strong>verbotenus.</strong></span> <span class='ocrx_word' id='word_1_206' title='bbox 849 2368 896 2420; x_wconf 81' lang='lat' dir='ltr'><strong>Pro</strong></span> <span class='ocrx_word' id='word_1_207' title='bbox 924 2369 1066 2433; x_wconf 90' lang='lat' dir='ltr'><strong>specimine</strong></span> 
     </span>
     <span class='ocr_line' id='line_1_26' title="bbox 107 2454 1068 2522; baseline -0.001 -11"><span class='ocrx_word' id='word_1_208' title='bbox 107 2459 259 2512; x_wconf 86' lang='lat' dir='ltr'><strong>conteratur</strong></span> <span class='ocrx_word' id='word_1_209' title='bbox 277 2455 322 2510; x_wconf 90' lang='lat' dir='ltr'><strong>lib.</strong></span> <span class='ocrx_word' id='word_1_210' title='bbox 341 2458 369 2509; x_wconf 92' lang='lat' dir='ltr'><strong>ll.</strong></span> <span class='ocrx_word' id='word_1_211' title='bbox 388 2471 411 2510; x_wconf 92' lang='lat' dir='ltr'><strong>c.</strong></span> <span class='ocrx_word' id='word_1_212' title='bbox 430 2458 456 2510; x_wconf 81' lang='grc'><strong>9.</strong></span> <span class='ocrx_word' id='word_1_213' title='bbox 475 2471 536 2510; x_wconf 92' lang='lat' dir='ltr'><strong>cum</strong></span> <span class='ocrx_word' id='word_1_214' title='bbox 554 2458 599 2509; x_wconf 91' lang='lat' dir='ltr'><strong>iilo</strong></span> <span class='ocrx_word' id='word_1_215' title='bbox 627 2459 724 2522; x_wconf 90' lang='lat' dir='ltr'><strong>scripto</strong></span> <span class='ocrx_word' id='word_1_216' title='bbox 752 2456 869 2522; x_wconf 88' lang='lat' dir='ltr'><strong>Gerardi,</strong></span> <span class='ocrx_word' id='word_1_217' title='bbox 897 2469 954 2521; x_wconf 91' lang='lat' dir='ltr'><strong>cap.</strong></span> <span class='ocrx_word' id='word_1_218' title='bbox 977 2458 1017 2508; x_wconf 83' lang='lat' dir='ltr'><strong>l8.</strong></span> <span class='ocrx_word' id='word_1_219' title='bbox 1036 2454 1068 2510; x_wconf 79' lang='lat' dir='ltr'><strong>dc</strong></span> 
     </span>
     <span class='ocr_line' id='line_1_27' title="bbox 106 2545 1069 2617; baseline -0.005 -15"><span class='ocrx_word' id='word_1_220' title='bbox 106 2545 308 2617; x_wconf 71' lang='lat' dir='ltr'><strong>Resornmtiooe</strong></span> <span class='ocrx_word' id='word_1_221' title='bbox 325 2545 480 2611; x_wconf 82' lang='lat' dir='ltr'><strong>memoriae,</strong></span> <span class='ocrx_word' id='word_1_222' title='bbox 496 2545 541 2600; x_wconf 89' lang='lat' dir='ltr'><strong>ubl</strong></span> <span class='ocrx_word' id='word_1_223' title='bbox 555 2547 665 2611; x_wconf 86' lang='lat' dir='ltr'><strong>legitur:</strong></span> <span class='ocrx_word' id='word_1_224' title='bbox 681 2565 694 2592; x_wconf 74' lang='grc' dir='ltr'><em>α</em></span> <span class='ocrx_word' id='word_1_225' title='bbox 708 2546 810 2598; x_wconf 79' lang='lat' dir='ltr'><strong>Primus</strong></span> <span class='ocrx_word' id='word_1_226' title='bbox 821 2545 921 2611; x_wconf 89' lang='lat' dir='ltr'><strong>gradus</strong></span> <span class='ocrx_word' id='word_1_227' title='bbox 933 2552 972 2598; x_wconf 91' lang='lat' dir='ltr'><strong>est</strong></span> <span class='ocrx_word' id='word_1_228' title='bbox 985 2547 1069 2610; x_wconf 86' lang='lat' dir='ltr'><strong>ipsam</strong></span> 
     </span>
     <span class='ocr_line' id='line_1_28' title="bbox 106 2634 1069 2700; baseline -0.003 -11"><span class='ocrx_word' id='word_1_229' title='bbox 106 2639 264 2690; x_wconf 83' lang='lat' dir='ltr'><strong>memoriam</strong></span> <span class='ocrx_word' id='word_1_230' title='bbox 283 2649 345 2689; x_wconf 91' lang='lat' dir='ltr'><strong>cum</strong></span> <span class='ocrx_word' id='word_1_231' title='bbox 364 2634 455 2688; x_wconf 90' lang='lat' dir='ltr'><strong>labore</strong></span> <span class='ocrx_word' id='word_1_232' title='bbox 472 2635 508 2688; x_wconf 90' lang='lat' dir='ltr'><strong>ab</strong></span> <span class='ocrx_word' id='word_1_233' title='bbox 526 2637 682 2700; x_wconf 82' lang='lat' dir='ltr'><strong>evagatione</strong></span> <span class='ocrx_word' id='word_1_234' title='bbox 701 2636 787 2688; x_wconf 89' lang='lat' dir='ltr'><strong>illicita</strong></span> <span class='ocrx_word' id='word_1_235' title='bbox 806 2634 937 2688; x_wconf 77' lang='lat' dir='ltr'><strong>refrenare</strong></span> <span class='ocrx_word' id='word_1_236' title='bbox 962 2643 987 2688; x_wconf 89' lang='lat' dir='ltr'><strong>et</strong></span> <span class='ocrx_word' id='word_1_237' title='bbox 1005 2635 1069 2687; x_wconf 89' lang='lat' dir='ltr'><strong>divi·</strong></span> 
     </span>
     <span class='ocr_line' id='line_1_29' title="bbox 107 2723 1066 2790; baseline -0.004 -11"><span class='ocrx_word' id='word_1_238' title='bbox 107 2729 150 2780; x_wconf 92' lang='lat' dir='ltr'><strong>nis</strong></span> <span class='ocrx_word' id='word_1_239' title='bbox 167 2726 211 2778; x_wconf 92' lang='lat' dir='ltr'><strong>vel</strong></span> <span class='ocrx_word' id='word_1_240' title='bbox 230 2724 336 2777; x_wconf 88' lang='lat' dir='ltr'><strong>utilibus</strong></span> <span class='ocrx_word' id='word_1_241' title='bbox 355 2723 558 2790; x_wconf 86' lang='lat' dir='ltr'><strong>cogitationibus</strong></span> <span class='ocrx_word' id='word_1_242' title='bbox 577 2723 694 2790; x_wconf 87' lang='lat' dir='ltr'><strong>quodam</strong></span> <span class='ocrx_word' id='word_1_243' title='bbox 713 2723 793 2777; x_wconf 91' lang='lat' dir='ltr'><strong>modo</strong></span> <span class='ocrx_word' id='word_1_244' title='bbox 806 2724 914 2776; x_wconf 85' lang='lat' dir='ltr'><strong>invitam</strong></span> <span class='ocrx_word' id='word_1_245' title='bbox 926 2737 1066 2788; x_wconf 86' lang='lat' dir='ltr'><strong>occupare.</strong></span> 
     </span>
     <span class='ocr_line' id='line_1_30' title="bbox 106 2812 1067 2879; baseline -0.002 -11"><span class='ocrx_word' id='word_1_246' title='bbox 106 2815 246 2870; x_wconf 90' lang='lat' dir='ltr'><strong>Secundus</strong></span> <span class='ocrx_word' id='word_1_247' title='bbox 265 2823 304 2868; x_wconf 92' lang='lat' dir='ltr'><strong>est</strong></span> <span class='ocrx_word' id='word_1_248' title='bbox 322 2817 373 2867; x_wconf 91' lang='lat' dir='ltr'><strong>iam</strong></span> <span class='ocrx_word' id='word_1_249' title='bbox 393 2816 449 2867; x_wconf 89' lang='lat' dir='ltr'><strong>sine</strong></span> <span class='ocrx_word' id='word_1_250' title='bbox 468 2815 619 2879; x_wconf 88' lang='lat' dir='ltr'><strong>importuna</strong></span> <span class='ocrx_word' id='word_1_251' title='bbox 643 2815 798 2878; x_wconf 85' lang='lat' dir='ltr'><strong>evagatione</strong></span> <span class='ocrx_word' id='word_1_252' title='bbox 821 2813 898 2866; x_wconf 90' lang='lat' dir='ltr'><strong>bonis</strong></span> <span class='ocrx_word' id='word_1_253' title='bbox 923 2812 1067 2866; x_wconf 89' lang='lat' dir='ltr'><strong>meditatio-</strong></span> 
     </span>
     <span class='ocr_line' id='line_1_31' title="bbox 106 2902 1065 2970; baseline -0.004 -12"><span class='ocrx_word' id='word_1_254' title='bbox 106 2905 187 2958; x_wconf 90' lang='lat' dir='ltr'><strong>nibus</strong></span> <span class='ocrx_word' id='word_1_255' title='bbox 206 2917 284 2970; x_wconf 89' lang='lat' dir='ltr'><strong>posse</strong></span> <span class='ocrx_word' id='word_1_256' title='bbox 303 2906 430 2957; x_wconf 90' lang='lat' dir='ltr'><strong>intentum</strong></span> <span class='ocrx_word' id='word_1_257' title='bbox 449 2917 507 2956; x_wconf 90' lang='lat' dir='ltr'><strong>esse</strong></span> <span class='ocrx_word' id='word_1_258' title='bbox 526 2908 552 2955; x_wconf 90' lang='lat' dir='ltr'><strong>et</strong></span> <span class='ocrx_word' id='word_1_259' title='bbox 579 2905 605 2954; x_wconf 93' lang='lat' dir='ltr'><strong>in</strong></span> <span class='ocrx_word' id='word_1_260' title='bbox 633 2902 768 2956; x_wconf 90' lang='lat' dir='ltr'><strong>latitudine</strong></span> <span class='ocrx_word' id='word_1_261' title='bbox 794 2902 881 2954; x_wconf 93' lang='lat' dir='ltr'><strong>cordis</strong></span> <span class='ocrx_word' id='word_1_262' title='bbox 908 2903 949 2954; x_wconf 92' lang='lat' dir='ltr'><strong>sui</strong></span> <span class='ocrx_word' id='word_1_263' title='bbox 976 2915 1065 2954; x_wconf 91' lang='lat' dir='ltr'><strong>secum</strong></span> 
     </span>
     <span class='ocr_line' id='line_1_32' title="bbox 106 2988 1068 3060; baseline -0.004 -16"><span class='ocrx_word' id='word_1_264' title='bbox 106 2991 289 3045; x_wconf 88' lang='lat' dir='ltr'><strong>deambulare.</strong></span> <span class='ocrx_word' id='word_1_265' title='bbox 308 2992 412 3045; x_wconf 84' lang='lat' dir='ltr'><strong>Tertius</strong></span> <span class='ocrx_word' id='word_1_266' title='bbox 430 3001 469 3045; x_wconf 89' lang='lat' dir='ltr'><strong>est</strong></span> <span class='ocrx_word' id='word_1_267' title='bbox 488 2991 605 3060; x_wconf 87' lang='lat' dir='ltr'><strong>quodam</strong></span> <span class='ocrx_word' id='word_1_268' title='bbox 624 2990 704 3044; x_wconf 90' lang='lat' dir='ltr'><strong>modo</strong></span> <span class='ocrx_word' id='word_1_269' title='bbox 732 2993 758 3042; x_wconf 94' lang='lat' dir='ltr'><strong>in</strong></span> <span class='ocrx_word' id='word_1_270' title='bbox 785 2991 867 3042; x_wconf 88' lang='lat' dir='ltr'><strong>Deum</strong></span> <span class='ocrx_word' id='word_1_271' title='bbox 896 3003 954 3041; x_wconf 92' lang='lat' dir='ltr'><strong>esse</strong></span> <span class='ocrx_word' id='word_1_272' title='bbox 979 2988 1068 3042; x_wconf 88' lang='lat' dir='ltr'><strong>absor-</strong></span> 
     </span>
     <span class='ocr_line' id='line_1_33' title="bbox 106 3075 1068 3146; baseline -0.003 -14"><span class='ocrx_word' id='word_1_273' title='bbox 106 3086 192 3146; x_wconf 90' lang='lat' dir='ltr'><strong>ptum,</strong></span> <span class='ocrx_word' id='word_1_274' title='bbox 209 3086 239 3132; x_wconf 89' lang='lat' dir='ltr'><strong>ut</strong></span> <span class='ocrx_word' id='word_1_275' title='bbox 256 3080 353 3134; x_wconf 90' lang='lat' dir='ltr'><strong>scilicet</strong></span> <span class='ocrx_word' id='word_1_276' title='bbox 372 3082 452 3134; x_wconf 90' lang='lat' dir='ltr'><strong>bomo</strong></span> <span class='ocrx_word' id='word_1_277' title='bbox 471 3082 497 3132; x_wconf 89' lang='lat' dir='ltr'><strong>in</strong></span> <span class='ocrx_word' id='word_1_278' title='bbox 517 3080 572 3133; x_wconf 81' lang='lat' dir='ltr'><strong>lieo</strong></span> <span class='ocrx_word' id='word_1_279' title='bbox 592 3093 639 3144; x_wconf 90' lang='lat' dir='ltr'><strong>per</strong></span> <span class='ocrx_word' id='word_1_280' title='bbox 652 3079 761 3132; x_wconf 87' lang='lat' dir='ltr'><strong>devotas</strong></span> <span class='ocrx_word' id='word_1_281' title='bbox 773 3078 955 3131; x_wconf 85' lang='lat' dir='ltr'><strong>meditationes</strong></span> <span class='ocrx_word' id='word_1_282' title='bbox 967 3075 1068 3144; x_wconf 86' lang='lat' dir='ltr'><strong>absque</strong></span> 
     </span>
     <span class='ocr_line' id='line_1_34' title="bbox 106 3168 1070 3236; baseline -0.002 -13"><span class='ocrx_word' id='word_1_283' title='bbox 106 3172 218 3235; x_wconf 91' lang='lat' dir='ltr'><strong>strepitu</strong></span> <span class='ocrx_word' id='word_1_284' title='bbox 236 3168 393 3223; x_wconf 90' lang='lat' dir='ltr'><strong>volubilium</strong></span> <span class='ocrx_word' id='word_1_285' title='bbox 412 3171 609 3236; x_wconf 87' lang='lat' dir='ltr'><strong>cogitationum,</strong></span> <span class='ocrx_word' id='word_1_286' title='bbox 628 3171 846 3234; x_wconf 88' lang='lat' dir='ltr'><strong>imaginationum</strong></span> <span class='ocrx_word' id='word_1_287' title='bbox 865 3173 890 3220; x_wconf 90' lang='lat' dir='ltr'><strong>ct</strong></span> <span class='ocrx_word' id='word_1_288' title='bbox 903 3169 1070 3232; x_wconf 84' lang='lat' dir='ltr'><strong>phantasma·</strong></span> 
     </span>
     <span class='ocr_line' id='line_1_35' title="bbox 106 3258 810 3326; baseline -0.004 -13"><span class='ocrx_word' id='word_1_289' title='bbox 106 3267 164 3313; x_wconf 91' lang='lat' dir='ltr'><strong>tum</strong></span> <span class='ocrx_word' id='word_1_290' title='bbox 184 3258 295 3312; x_wconf 88' lang='lat' dir='ltr'><strong>dulciter</strong></span> <span class='ocrx_word' id='word_1_291' title='bbox 313 3266 339 3313; x_wconf 90' lang='lat' dir='ltr'><strong>et</strong></span> <span class='ocrx_word' id='word_1_292' title='bbox 357 3271 418 3312; x_wconf 91' lang='lat' dir='ltr'><strong>cum</strong></span> <span class='ocrx_word' id='word_1_293' title='bbox 437 3260 607 3314; x_wconf 88' lang='lat' dir='ltr'><strong>delectatione</strong></span> <span class='ocrx_word' id='word_1_294' title='bbox 625 3260 773 3326; x_wconf 84' lang='lat' dir='ltr'><strong>requiescat</strong></span> <span class='ocrx_word' id='word_1_295' title='bbox 785 3277 810 3310; x_wconf 70' lang='lat' dir='ltr'><strong>a.</strong></span> 
     </span>
    </p>
   </div>
   <div class='ocr_carea' id='block_1_3' title="bbox 107 3373 1069 3584">
    <p class='ocr_par' dir='ltr' id='par_1_5' title="bbox 107 3373 1069 3584">
     <span class='ocr_line' id='line_1_36' title="bbox 171 3373 1068 3435; baseline -0.002 -12"><span class='ocrx_word' id='word_1_296' title='bbox 171 3373 181 3406; x_wconf 86' lang='lat'>²</span> <span class='ocrx_word' id='word_1_297' title='bbox 198 3375 294 3423; x_wconf 83' lang='lat' dir='ltr'><strong>Utimur</strong></span> <span class='ocrx_word' id='word_1_298' title='bbox 305 3374 417 3435; x_wconf 84' lang='lat' dir='ltr'><strong>editione,</strong></span> <span class='ocrx_word' id='word_1_299' title='bbox 430 3388 489 3434; x_wconf 89' lang='lat' dir='ltr'><strong>qnae</strong></span> <span class='ocrx_word' id='word_1_300' title='bbox 500 3374 624 3422; x_wconf 80' lang='lat' dir='ltr'><strong>subiuncta</strong></span> <span class='ocrx_word' id='word_1_301' title='bbox 632 3375 670 3422; x_wconf 79' lang='lat' dir='ltr'><strong>est</strong></span> <span class='ocrx_word' id='word_1_302' title='bbox 678 3373 788 3435; x_wconf 88' lang='lat' dir='ltr'><strong>opusculo</strong></span> <span class='ocrx_word' id='word_1_303' title='bbox 800 3373 996 3420; x_wconf 77' lang='lat' dir='ltr'><strong>Cmrsototors&#39;um</strong></span> <span class='ocrx_word' id='word_1_304' title='bbox 1005 3375 1068 3421; x_wconf 77' lang='lat' dir='ltr'><strong>theo·</strong></span> 
     </span>
     <span class='ocr_line' id='line_1_37' title="bbox 108 3453 1069 3516; baseline -0.002 -13"><span class='ocrx_word' id='word_1_305' title='bbox 108 3456 215 3516; x_wconf 72' lang='lat' dir='ltr'><strong>logicum</strong></span> <span class='ocrx_word' id='word_1_306' title='bbox 230 3455 469 3514; x_wconf 62' lang='lat' dir='ltr'><strong>magistrianum</strong></span> <span class='ocrx_word' id='word_1_307' title='bbox 490 3455 614 3514; x_wconf 82' lang='lat' dir='ltr'><strong>Tambaco,</strong></span> <span class='ocrx_word' id='word_1_308' title='bbox 636 3454 724 3502; x_wconf 83' lang='lat' dir='ltr'><strong>editum</strong></span> <span class='ocrx_word' id='word_1_309' title='bbox 745 3454 853 3502; x_wconf 84' lang='lat' dir='ltr'><strong>Basileae</strong></span> <span class='ocrx_word' id='word_1_310' title='bbox 868 3467 910 3513; x_wconf 89' lang='lat' dir='ltr'><strong>per</strong></span> <span class='ocrx_word' id='word_1_311' title='bbox 930 3453 1069 3513; x_wconf 77' lang='lat' dir='ltr'><strong>magistrum</strong></span> 
     </span>
     <span class='ocr_line' id='line_1_38' title="bbox 107 3535 371 3584; baseline 0 0"><span class='ocrx_word' id='word_1_312' title='bbox 107 3537 136 3584; x_wconf 86' lang='lat' dir='ltr'><strong>de</strong></span> <span class='ocrx_word' id='word_1_313' title='bbox 151 3536 283 3584; x_wconf 78' lang='lat' dir='ltr'><strong>Amerbach</strong></span> <span class='ocrx_word' id='word_1_314' title='bbox 302 3535 371 3584; x_wconf 77' lang='lat'>1492.</span> 
     </span>
    </p>
   </div>
   <div class='ocr_carea' id='block_1_4' title="bbox 959 3653 980 3700">
    <p class='ocr_par' dir='ltr' id='par_1_6' title="bbox 959 3653 980 3700">
     <span class='ocr_line' id='line_1_39' title="bbox 959 3653 980 3700; baseline 0.048 -1"><span class='ocrx_word' id='word_1_315' title='bbox 959 3653 980 3700; x_wconf 90' lang='lat' dir='ltr'><strong>li</strong></span> 
     </span>
    </p>
   </div>
   <div class='ocr_carea' id='block_1_5' title="bbox 598 3706 618 3742">
    <p class='ocr_par' dir='ltr' id='par_1_7' title="bbox 598 3706 618 3742">
     <span class='ocr_line' id='line_1_40' title="bbox 598 3706 618 3732; baseline -0.1 0"><span class='ocrx_word' id='word_1_316' title='bbox 598 3706 618 3732; x_wconf 69' lang='lat' dir='ltr'><strong>&#39;a&#39;</strong></span> 
     </span>
     <span class='ocr_line' id='line_1_41' title="bbox 610 3732 615 3742; baseline 0 0"><span class='ocrx_word' id='word_1_317' title='bbox 610 3732 615 3742; x_wconf 84' lang='grc' dir='ltr'><em>ι</em></span> 
     </span>
    </p>
   </div>
   <div class='ocr_carea' id='block_1_6' title="bbox 0 0 1374 4316">
    <p class='ocr_par' dir='ltr' id='par_1_8' title="bbox 0 0 1374 4316">
     <span class='ocr_line' id='line_1_42' title="bbox 0 0 1374 4316; baseline 0 0"><span class='ocrx_word' id='word_1_318' title='bbox 0 0 1374 4316; x_wconf 95' lang='lat' dir='ltr'><strong> </strong></span> 
     </span>
    </p>
   </div>
  </div>
 </body>
</html>
