819 1202
87 61 319 75 -WVVWNJ

225 126 245 138 nn
257 126 278 138 vit
289 126 397 138 rnocmstens.
409 126 495 139 rnecaesns
507 126 528 138 vi.
585 122 616 138 28¹

179 153 195 170 2.
208 153 262 170 Posset
273 155 289 170 et
300 153 332 169 alia
343 153 423 170 distinctio
435 153 470 170 dari
485 153 505 170 de
521 152 620 174 profectibus

134 179 240 196 abstinentiae
253 179 277 196 vel
289 179 386 197 sobrietatis
399 179 462 196 Primus
472 179 546 196 videlicet
554 179 620 201 gradus,

134 206 214 228 patienter
225 210 287 226 carere,
298 211 335 223 cum
347 211 379 223 non
391 208 443 228 potest
458 206 514 223 haberi
533 206 578 223 cibus
594 206 620 223 vel

133 235 183 254 potus
194 232 298 253 delectabilis,
310 234 326 250 et
336 237 367 250 nen
376 233 471 253 contristari,
479 233 545 254 quando
554 237 584 249 non
594 233 620 249 ha-

134 259 194 276 bentur
206 259 297 276 desiderata
309 259 395 279 interdum,
404 259 445 276 sicut
453 259 525 281 quidam,
533 259 546 276 si
555 259 620 281 quando

134 290 166 302 non
179 285 239 303 habent
250 290 292 307 quae
304 286 319 302 in
332 290 387 303 mensa
394 286 491 306 desiderant,
500 286 620 305 contristantur,

134 312 245 334 indignantur.
258 314 365 333 murmurant,
382 313 494 330 verecundiam
512 312 590 329 abiiciunt
603 314 620 329 et

134 344 167 356 non
179 340 249 361 cogitant
261 339 375 361 professionem
387 344 439 360 suam,
451 341 467 356 et
478 340 522 361 qnod
534 339 621 361 aliquando

135 366 194 383 divites
209 366 269 383 saeculi
287 371 318 383 uun
336 366 395 383 habent
412 366 471 387 omnia,
488 371 530 388 quae
547 366 620 388 eupiunt,

134 394 196 414 quanto
208 393 259 414 magis
271 397 351 415 pauperes
362 395 378 410 et
390 393 465 410 mendici.

181 419 265 436 Secundus
276 419 338 441 gradus
349 419 454 437 abstinentiae
469 422 493 436 est
509 419 550 436 velle
565 424 621 437 carere

134 451 166 468 pro
177 446 210 463 Deo
221 446 269 463 etiarn
282 446 318 466 iltis,
330 451 372 468 quae
383 448 448 468 possent
459 446 521 467 haberi,
532 451 587 463 amore
595 450 620 463 so-

135 473 209 490 brietatis
220 475 236 490 et
247 473 347 494 paupertatis
358 475 374 490 et
386 473 422 490 boni
434 473 510 495 exempli.
522 473 547 490 Sic
559 473 622 490 boniet

135 499 193 516 fideles
204 499 246 516 servi
259 499 286 516 Dei
298 504 346 521 saepe
358 500 424 517 ditiores
435 500 507 521 hospites
517 501 620 521 praetereunt

136 528 153 543 et
165 526 208 547 apud
217 531 297 548 pauperes
304 526 407 548 hospitantur
415 528 431 543 et
439 526 507 543 lautiora
515 526 576 543 fercula
583 530 621 548 pro-

135 552 193 569 hibent
204 553 234 569 sibi
243 553 283 573 dari,
291 553 360 570 conteuti
369 553 469 575 simplicibus
477 555 493 570 et
501 553 556 574 paneis
564 557 620 570 amore

134 579 163 596 Dei
176 581 192 596 et
204 584 233 601 pro
244 579 354 597 aedificatione
371 580 450 600 alioruvm
459 580 488 601 vad
506 580 618 597 Corinthios¹=

137 606 200 623 Omnia
211 606 254 623 milii·
261 606 315 626 licent,
323 607 353 623 sed
360 611 394 623 mm
402 607 460 623 omnia
468 606 570 628 aedificatum
577 606 621 628 quia,

136 633 174 650 licet
186 633 275 650 secundum
288 633 403 655 Evangelium'
415 633 499 650 comedere
513 633 562 650 liceat
577 638 621 655 quae

135 662 252 682 apponuntur,
265 662 317 677 tamen
329 660 379 681 magis
387 660 465 680 aedificat,
473 660 486 677 si
495 660 538 677 lauta
546 662 562 677 et
570 660 621 677 multa

135 687 183 704 uobis
194 686 252 708 apponi
265 691 296 703 non
308 687 426 708 permittamus,
438 687 481 708 quia,
493 687 535 704 sicut
545 687 622 708 recipien-

136 715 161 730 tes
172 713 219 730 ἀεί-,ει
230 713 301 730 liberalis
313 713 418 735 hospitalitas,
428 713 448 730 ila
457 718 485 730 nos
493 713 539 730 decet
547 713 621 734 religiosa

135 739 224 761 frugalitas,
233 744 282 761 quarn
290 740 338 757 etiam
346 740 403 757 fortius
411 740 485 757 convenit
493 745 522 757 uos
530 740 621 760 defendere,

135 771 184 788 quam
197 766 233 783 illos
245 771 291 784 suam
303 767 402 784 saecularem
411 767 516 786 honestatem,
524 771 556 788 qua
565 766 620 783 volunt

137 798 166 810 nos
177 793 243 810 abunde
255 798 348 815 procurare.
360 793 437 815 Quamvis
448 796 502 810 antem
515 793 542 810 illa
554 793 588 810 viee
600 793 622 810 vi-

136 819 206 837 deantur
217 820 314 840 contristari,
326 820 370 841 quod
382 825 413 837 nun
426 820 539 841 permittimus,
547 824 575 836 eos
582 824 622 836 suae

136 846 216 863 devotioni
229 846 321 863 satisfacere
333 846 384 863 multa
393 846 508 866 ministrando3
516 848 569 863 tamen
577 846 621 868 apud

135 878 153 890 se
165 873 185 890 de
197 875 251 890 nostra
260 874 365 895 temperantia
373 873 478 890 aedificantur
486 873 541 890 etalio
549 875 621 895 tempore

135 900 216 922 recipiunt
228 905 257 917 nus
269 900 342 920 hilarius,
354 905 386 922 quo
394 900 448 917 minus
456 905 513 917 sumus
521 900 544 917 eis
552 900 621 920 onerosi,

135 928 152 944 et
164 927 193 944 uhi
205 927 253 944 modo
264 931 325 949 pancos
336 929 428 949 receptores
445 927 528 947 hahemus,
544 926 566 944 ibi
584 929 622 944 tuni:

172 957 177 965 ¹
187 958 197 971 1.
206 957 236 972 our.
246 958 267 975 ιο,
278 958 300 972 23.
415 957 421 966 ¹
430 958 462 971 Luc„
472 958 493 975 io,
504 958 518 971 e.
