2792 4318
278 243 318 290 DE
341 241 582 290 REFORMATIONE
605 241 735 292 HOMINIS
758 243 942 293 lnnnnlOltls.
1051 229 1093 296 65

123 349 529 436 compositione-aliquam
555 351 691 418 turmam
714 352 761 419 eis
789 352 951 440 proposui,
985 371 1096 421 secun·

124 455 208 524 dum
221 473 317 542 qnam
335 473 369 522 se
382 462 530 540 regerent
542 465 606 524 tam
624 457 656 523 in
669 458 765 525 domo
776 477 872 544 quam
889 468 994 527 extra.
1007 459 1095 526 Nunc

124 563 168 630 de
187 561 359 628 interioris
376 559 532 640 domicio,
551 563 581 629 id
600 572 648 631 est
665 564 778 631 mentis
795 564 1031 646 reformatione,
1054 566 1096 634 ad

124 687 226 756 quam
251 668 354 736 omnis
379 687 455 738 uera
479 669 599 756 Religio
622 671 764 737 ordinari
782 671 887 752 debet,
911 671 1019 759 aliqua
1035 673 1095 740 eis-

126 772 218 856 deun'
240 777 322 850 sicut
346 777 488 863 promisi,
512 778 640 845 tradere
664 779 808 865 dispono,
831 779 937 848 verbis
961 779 1096 848 indoctis

126 894 160 953 et
186 885 318 952 materia
342 885 539 964 inordinata·;
562 892 594 953 et
617 893 666 953 est
689 887 779 965 ratio,
796 904 896 971 quare
921 887 1096 974 corporalis

126 992 318 1059 exercitatio
342 993 503 1076 praecedit
527 993 744 1077 spiritualem:
763 995 838 1080 quia
861 995 968 1075 bomo,
987 995 1028 1061 ab
1053 995 1096 1061 ln-

127 1099 217 1166 timis
240 1107 271 1165 et
295 1099 432 1165 summis
454 1099 571 1165 cedens
588 1117 644 1185 per
669 1107 845 1185 pecodum,
863 1101 893 1167 in
912 1101 990 1168 baec
1010 1109 1095 1168 exte·

128 1207 217 1273 riora
240 1214 271 1273 et
295 1206 431 1272 visibilia
455 1206 599 1292 dilapsus
623 1216 681 1286 est,
704 1215 736 1274 et
758 1207 834 1293 quia
858 1208 920 1274 iam
953 1226 1015 1274 non
1049 1208 1096 1273 in-

128 1312 244 1396 lelligit
267 1312 327 1379 nisi
351 1313 548 1396 corporalia3
567 1313 637 1380 ideo
660 1313 702 1379 ibi
729 1316 832 1399 primo
856 1314 967 1380 nititur
992 1331 1096 1380 resur·

127 1435 216 1506 gere,
240 1419 295 1486 ubi
320 1419 426 1497 iacuit,
442 1428 474 1486 et
491 1420 644 1505 paulatim
661 1421 784 1504 erigere
808 1421 898 1488 seed
917 1419 1096 1507 spiritualia

127 1536 161 1594 et
186 1525 305 1606 divina,
328 1526 368 1592 ad
393 1544 477 1612 qnae
499 1527 646 1594 conditus
669 1526 738 1593 luit.
764 1527 846 1608 ldeo,
863 1527 1017 1613 quamdiu
1044 1525 1097 1592 lle·

128 1633 263 1718 ligiosus
287 1634 428 1701 nondum
459 1634 562 1720 coepit
593 1633 768 1718 intelligere
802 1643 833 1700 et
862 1653 980 1721 cepere
1011 1653 1097 1721 qnae

126 1748 211 1806 sunt
225 1739 370 1824 spiritns
388 1739 448 1806 Dei
460 1742 483 1818 ¹,
509 1741 564 1807 sed
589 1739 621 1805 in
645 1739 861 1808 exterioribus
877 1741 984 1808 adbuc
1006 1747 1097 1826 putat

126 1853 233 1921 lotum
258 1845 441 1923 consistere,
464 1845 551 1930 qnod
583 1845 756 1912 adrerum
788 1847 978 1932 Religionem
1005 1847 1097 1932 perti·

126 1960 194 2032 net,
219 1952 358 2018 novitius
382 1952 473 2018 rodis
497 1962 555 2032 est,
572 1953 694 2019 etiamsi
720 1953 867 2037 pluribus
898 1955 990 2020 annis
1011 1955 1097 2021 stetit

126 2062 161 2128 in
199 2058 310 2126 babitu
349 2059 526 2144 Religionis,
552 2059 649 2124 immo
674 2060 765 2124 iuxta
792 2059 998 2145 Apostolum²
1026 2061 1098 2126 uui·

126 2165 233 2233 titolis
256 2165 385 2246 dicitur,
409 2167 463 2253 qni
489 2167 630 2233 nondum
652 2166 798 2251 percipit
827 2185 878 2244 eu,
903 2185 988 2254 qnae
1018 2175 1097 2232 cunt

126 2271 275 2358 spirituo
301 2272 369 2338 Ilei.
393 2271 544 2339 Stultitia
567 2272 655 2338 euim
678 2281 725 2338 eet
749 2271 810 2349 illi,
834 2281 863 2338 et
898 2291 965 2339 con
995 2279 1099 2358 potest

128 2378 324 2466 intercipere,
350 2379 432 2467 quic
455 2379 680 2465 spiritualiter
703 2379 933 2446 extranantur.

221 2489 252 2552 a.
287 2487 330 2552 Ex
365 2487 424 2553 boc
455 2486 627 2572 perpende,
659 2487 741 2552 duos
772 2505 841 2554 esse
870 2487 1041 2554 novitiatus
1066 2487 1095 2552 in

128 2592 308 2678 Religione:
335 2611 420 2659 rinus
443 2594 644 2672 terminatur,
668 2594 807 2679 quando,
830 2593 988 2678 completo
1022 2601 1098 2659 tern-

127 2715 209 2786 pore
225 2698 432 2783 probationis‚
446 2698 600 2782 promittit
616 2698 828 2765 obedientiam
846 2705 877 2766 et
893 2698 1097 2765 stabilitatem

129 2805 164 2872 in
187 2803 308 2871 Ordine
342 2821 400 2889 per
424 2805 539 2883 verba;
569 2804 651 2871 alter
687 2805 793 2885 durat,
817 2823 984 2892 quousque
1022 2804 1098 2871 ileli-

129 2912 240 2998 giosus
264 2917 382 3004 statum
407 2909 487 2976 bene
511 2911 638 2978 vivendi
675 2912 706 2976 in
739 2912 1002 2979 consuetudinem
1028 2929 1097 2978 con-

131 3012 246 3093 vertit';
270 3017 357 3103 qnod
390 3025 465 3084 tunc
496 3017 541 3097 bt,
565 3034 639 3085 cnm
673 3037 734 3084 non
768 3026 831 3084 tam
865 3018 971 3086 verbis
1000 3034 1096 3103 qnam
1164 3075 1167 3080 .

128 3124 222 3192 iactis
245 3123 413 3211 promittit,
437 3141 470 3192 se
493 3124 640 3191 stabilem
663 3126 696 3191 in
720 3124 840 3192 Ordine
872 3133 903 3192 et
937 3126 968 3190 in
1001 3123 1099 3210 profr-

130 3231 235 3299 cicndi
261 3231 368 3298 studio
393 3248 651 3317 permansurum.
675 3231 837 3317 Quamdiu
862 3231 946 3297 enirn
964 3229 1098 3297 llnctnat

132 3345 238 3404 mente
262 3344 294 3404 et
323 3339 463 3404 nondum
488 3336 643 3404 stabiliter
660 3337 874 3423 apprehendit
900 3338 981 3403 viam
1000 3337 1096 3404 studii

132 3443 310 3530 spiritualis
333 3452 365 3512 et
388 3444 482 3511 modo
509 3443 577 3510 vult
601 3445 671 3524 boc,
708 3445 802 3511 modo
827 3445 917 3522 illud,
944 3444 1098 3522 nesciens,

203 3568 213 3600 ¹
233 3569 286 3624 Clr.
307 3570 383 3622 llom.
402 3571 426 3635 8,
447 3569 472 3622 5.
690 3567 736 3621 Ἰ.
756 3569 815 3622 Cor.
835 3571 859 3636 2,
881 3569 923 3622 ll.

1011 3677 1028 3729 5
