819 1202
90 61 248 75 ”ww—‹w-
276 61 280 62 ν

222 120 242 131 οε
254 120 275 131 vn
287 120 393 132 mocessmus.
405 120 491 132 euocassns
503 121 523 132 vi.
581 117 612 133 2⁷1

128 151 183 168 gnum
195 146 281 163 caelorum
290 146 302 166 ¹,
314 146 330 163 id
342 149 366 163 est
378 151 409 163 non
420 147 471 168 portio
483 147 537 169 aliqua
549 147 614 168 gloriae,

129 173 159 190 sed
172 175 204 190 tota
216 173 266 194 gioria
279 173 328 194 regni>
345 173 388 190 Unde
404 173 452 190 Filius
469 173 495 190 Dei
512 173 552 190 daus
569 174 614 190 nobis

129 200 223 221 exemplum
237 200 343 221 perfectionis,
355 200 394 217 nihil
407 200 511 222 possessionis
524 200 574 217 votuit
586 200 615 217 ha-

129 227 169 243 here
182 227 197 243 in
210 229 258 246 terra,
271 231 301 243 non
319 231 371 248 agros,
389 227 455 244 domum
468 227 492 244 vel
509 227 570 244 reditus
586 227 615 244 ali-

130 258 177 275 quos,
190 255 253 275 praeter
265 254 317 270 solnm
331 253 411 273 vestitum,
423 258 470 275 quem
483 254 530 271 etiam
543 254 616 275 permisit

129 282 168 297 ante
180 285 245 297 crucem
257 280 286 297 sibi
295 280 361 300 auferri,
369 283 387 297 ut
395 281 460 297 doceret
468 285 502 301 nos,
510 281 552 302 quod
561 281 615 298 omnia

129 306 223 328 relinquere
236 311 266 323 nun
282 309 344 323 tantum
357 307 428 323 consistit
440 307 455 323 in
468 311 499 323 nou
516 307 575 324 habere
588 311 615 323 vo-

130 333 180 350 lendo
193 333 217 350 vel
229 335 286 355 sponte
299 333 353 350 omnia
369 334 467 355 pauperihus
480 334 570 354 tribuendo,
586 334 614 351 sed

129 360 179 377 etiam
192 361 207 376 in
220 360 298 382 patienter
310 360 402 380 amittendo,
414 360 426 377 si
441 361 494 377 nahita
504 361 518 377 vi
529 361 615 380 tollantur;

128 386 173 408 quod
183 386 279 408 pierumque
288 386 352 403 maioris
364 389 387 403 est
396 387 447 404 meriti
456 392 505 409 quam
516 388 615 409 pauperibus

130 413 213 433 tribuisse,
225 414 263 435 quia
276 413 331 437 rarior>
341 413 391 430 virtus
403 416 427 430 est
439 414 482 430 iliata
499 414 541 431 mata
558 419 616 436 aequa-

130 440 196 457 nimiter
209 440 275 461 perpeti,
287 444 335 461 quam
348 442 404 462 sponte
413 441 453 457 hona
461 441 529 462 operari.
538 441 577 458 Cum
587 441 616 462 igi-

129 469 159 484 tur
171 467 207 483 boni
221 467 250 483 viri
263 467 283 483 oh
292 467 321 483 hoo
330 467 382 484 sotum
391 467 416 484 vel
429 467 499 484 maxime
509 468 614 484 substantiam

129 495 211 511 terrenam
225 493 284 510 habere
296 494 370 513 debeant,
382 496 399 510 ut
412 494 448 510 inde
461 494 559 511 benefaciant
571 496 586 511 et
594 494 615 511 ad

130 520 207 537 meritum
220 520 279 541 gloriae
287 522 362 537 aeternae
370 520 467 542 expendant,
475 521 513 542 quia
521 521 567 538 aliter
578 521 614 538 boui

130 551 163 563 non
176 549 233 566 essent,
245 547 258 563 si
267 549 374 563 terrena.non
383 547 409 568 pia
420 547 506 564 intentione
519 550 616 569 quaererent

129 576 146 590 et
159 576 250 590 creaturam
263 578 293 590 non
306 576 371 595 propter
383 574 474 591 Creatorem
486 574 578 595 diligerent;
590 574 616 591 de-

130 600 170 617 bent
181 600 237 617 eadem
250 600 310 617 ratione
323 605 353 617 non
367 600 420 617 minus
428 600 504 622 gaudere,
516 605 552 618 num
564 601 615 622 ipsam

130 627 236 644 substantiam
249 632 351 649 quocumque
363 632 401 644 casu
409 628 489 647 amittunt,
501 632 549 649 quam
558 628 571 644 si
579 632 615 645 eain

130 654 147 671 iu
160 658 200 670 usus
212 654 246 675 pios
258 654 377 675 expendissent,
389 658 408 671 eo
416 654 459 675 qnod
467 654 537 671 eundem
546 654 615 671 fructum

131 680 185 697 meriti
197 681 270 697 caetsstis
282 681 297 697 in
306 680 384 702 patienter
393 680 460 697 tolerata
474 681 559 698 amissione
567 685 615 703 quam

130 709 147 724 et
160 707 176 723 in
188 707 214 728 pia
226 707 343 728 dispensatione
355 708 430 729 consequi
443 712 473 724 nnn
483 707 562 727 dubitant,
574 708 616 724 sicut

131 736 211 751 mereator
223 734 259 750 illas
271 738 333 751 merces
344 734 433 756 aequaliter
444 734 501 756 diligit,
519 734 539 751 de
556 734 616 756 quibus
630 733 632 736 ⁴

131 761 199 783 aequate
211 761 241 777 sihi
254 761 317 778 lucrum
330 761 415 782 provenire
427 761 496 778 confidit.
509 761 575 778 Divitias
587 766 616 777 au-

132 789 163 805 tem
177 792 260 809 quaerere,
273 790 290 804 ut
303 788 318 804 in
331 788 381 804 malos
390 792 431 804 usus
439 788 557 809 expendantur,
566 788 581 804 in
590 792 616 804 va-

132 815 195 834 nitates,
208 815 223 831 in
236 814 326 836 voluptates
344 814 396 831 carnis
414 816 430 831 et
440 814 530 834 oculorum,
548 815 615 836 impium

132 843 162 861 est,
173 841 212 863 quia
223 846 252 863 per
264 841 359 858 beneficium
375 841 455 858 Creatoris
471 841 542 863 largitori
558 846 615 858 earum

132 868 229 886 contumelia
242 868 327 889 irrogatur.
339 868 369 885 Sed
381 868 401 885 ad
415 868 444 885 hoc
452 872 480 885 eas
491 872 569 890 quaerere
582 870 616 885 tan-

131 897 172 915 turn,
185 897 203 911 ut
214 894 305 911 cumulatae
317 897 409 914 sementum
422 895 488 919 stultum
498 896 527 914 est,
538 895 576 916 quia
585 897 617 911 tan-

131 923 166 939 tum
180 922 222 938 valet
233 922 315 943 congeries
328 921 404 943 tapidum,
417 921 459 938 sicut
470 922 531 943 argenti
541 922 565 938 vel
574 922 616 942 auri,

132 949 145 965 si
157 948 198 965 nulii
211 948 247 965 usui
260 948 368 969 impendatur.

169 978 174 987 ¹
184 979 228 993 iit-nin,
238 979 251 995 5,
260 979 273 992 3.
