2776 4316
394 101 428 144 -ο

319 219 384 284 270
442 223 443 226 ’
674 235 762 282 urana
786 235 927 283 rnnrrus

316 339 369 406 oia
386 338 554 426 perfectus
570 359 649 417 essa,
666 340 750 406 uode
766 349 795 406 et
810 340 910 406 vende
926 341 1054 422 omnio,
1071 361 1155 430 quac
1169 339 1267 421 49499,

317 455 347 512 et
369 447 414 512 rto
436 447 643 532 paoperibus
667 457 725 515 etc.
975 427 983 440 ’

406 557 437 621 9.
461 558 604 640 Quatuor
628 563 735 622 autem
759 556 800 622 de
824 556 928 623 causis
951 557 1130 624 consulitur
1156 557 1269 624 divitia·

201 693 203 698 ·
316 680 389 728 runi
415 651 634 746 contemptus:
658 663 772 747 prima,
797 662 872 748 quia
895 681 1009 730 earum
1028 682 1123 731 ‚arnor
1140 661 1270 730 retranit

317 767 359 835 ab
383 787 500 834 umore
525 769 585 834 Dei
606 776 637 835 et
661 769 805 836 caelestis
837 769 968 854 patriae,
999 780 1030 836 et
1061 770 1151 836 iuxta
1181 770 1271 855 ipsius

317 875 465 943 Veritatis
490 876 706 942 testimonium
726 880 743 953 ¹,
776 895 870 942 ccmo
891 885 996 962 potest
1012 878 1078 943 Deo
1102 877 1221 944 seruire
1244 883 1271 942 et

316 967 540 1060 mammonae,
566 983 597 1049 id
621 991 669 1051 est
692 983 821 1050 divitiis.
845 983 932 1050 Sicut
948 985 1034 1050 enirn
1062 984 1102 1052 de
1123 983 1270 1070 profundo

321 1094 424 1155 terrae
450 1089 616 1169 tolluntur,
641 1091 682 1155 ita
708 1109 767 1156 suu
791 1090 932 1175 pondere
964 1091 1002 1156 ad
1037 1090 1146 1157 infima
1176 1098 1270 1156 terrae

241 1183 247 1201 ⁹
318 1213 394 1262 suos
418 1197 593 1262 detrahunt
615 1204 784 1276 amatores,
809 1197 868 1263 hoc
892 1204 940 1264 est
964 1197 995 1263 in
1021 1197 1209 1282 profundum
1233 1199 1272 1264 in·

321 1302 419 1379 ferni;
454 1286 494 1370 ad
532 1305 780 1371 Timotheum²:
815 1304 882 1388 ro‘
914 1305 1028 1373 uolunt
1059 1306 1174 1372 diuites
1201 1303 1270 1390 fieri

319 1410 474 1476 incidunt
502 1411 538 1476 in
573 1411 765 1478 tentationes
796 1421 826 1478 et
860 1411 994 1500 loqueos
1029 1413 1165 1492 dioboli,
1194 1431 1271 1501 quoe

317 1525 472 1602 metuunt
496 1514 643 1585 homiues
668 1519 704 1584 t'n
728 1515 911 1604 infernum.

408 1623 437 1688 3.
455 1625 600 1711 Secunda
624 1643 721 1692 causa
744 1633 802 1706 est,
826 1629 902 1711 quia
924 1626 1104 1692 retardant
1120 1626 1269 1693 honinem

317 1727 505 1815 oprofecto
528 1731 702 1796 uirtutum.
721 1731 807 1797 Siout
823 1732 908 1797 enim
933 1741 1084 1798 oneratus
1101 1751 1161 1798 non
1179 1739 1270 1816 potest

316 1837 468 1904 velociter
491 1853 635 1916 currere,
660 1838 705 1904 sic
730 1838 901 1904 mundanis
931 1840 1018 1906 curis
1054 1856 1183 1925 pressus
1213 1855 1269 1904 nou

316 1950 419 2029 potest
444 1943 473 2008 in
499 1944 614 2028 spiritu
638 1944 787 2027 expedite
812 1944 978 2030 proficere.
1002 1946 1032 2012 Si
1066 1947 1114 2014 vis
1137 1965 1209 2032 ergo
1230 1946 1270 2012 tc·

316 2049 435 2116 stinare
458 2051 498 2116 ad
525 2052 672 2135 patriam,
696 2051 721 2118 si
748 2051 795 2118 uis
819 2070 881 2118 non
907 2053 1005 2119 teneri
1030 2052 1148 2141 laqueo
1164 2071 1270 2119 caenon

317 2157 401 2222 tium
416 2156 439 2234 ³,
464 2157 489 2222 si
514 2159 562 2225 uis
586 2177 647 2224 non
672 2155 906 2243 comprehendi
921 2159 952 2225 in
970 2159 1021 2226 via
1041 2168 1074 2226 et
1097 2161 1129 2226 in
1154 2159 1269 2246 captiui·

316 2269 423 2342 tatem,
449 2265 534 2330 unde
558 2282 715 2344 evaseras,
740 2283 801 2331 non
827 2267 956 2344 reduci;
980 2267 1099 2352 proiice
1115 2269 1269 2334 avaritiam

316 2377 347 2435 et
370 2370 505 2437 extrahe
530 2371 644 2455 pedem
669 2371 708 2437 de
735 2371 856 2438 viscosa
872 2373 1045 2457 sarpiditate
1068 2383 1268 2442 terrenorum.

315 2477 388 2543 ldeo
423 2477 529 2544 iudaei
566 2478 647 2543 tardi
680 2487 770 2544 erant
800 2478 839 2545 ad
875 2481 1013 2547 reditum
1046 2481 1076 2546 in
1111 2481 1267 2549 ierusaten

315 2583 355 2650 de
380 2583 547 2668 Babylone,
564 2584 638 2670 quia
655 2584 736 2651 iiiios
756 2592 786 2652 et
803 2604 924 2653 uxores
939 2593 971 2654 et
988 2589 1202 2673 possessiones
1216 2588 1268 2654 iam

268 2677 272 2686 ’
314 2689 528 2774 acquisierant
552 2691 581 2756 in
608 2690 795 2776 Babylonia;
812 2692 856 2759 sic
880 2699 911 2760 et
929 2693 1073 2779 Religiosi
1090 2696 1214 2763 tardius
1227 2695 1269 2761 do

314 2796 456 2864 siderant
491 2796 652 2877 caelestia,
687 2815 760 2896 cum
799 2798 829 2864 in
866 2800 1002 2867 terrenis
1037 2803 1201 2888 coeperint
1229 2800 1269 2868 di·
1356 2849 1357 2886 r

316 2903 418 2970 letari.

404 3011 434 3077 4.
460 3010 566 3076 Tertia
589 3028 686 3078 causa
708 3010 840 3078 ratione
855 3013 969 3079 meriti
983 3014 1175 3100 onrplioris,
1194 3014 1267 3102 quia
1356 3007 1357 3041 *

314 3123 433 3201 quanto
459 3116 565 3184 [ninus
582 3116 637 3183 tibi
655 3116 694 3183 de
713 3118 847 3185 terrenis
864 3119 1021 3204 indulges,
1039 3129 1126 3188 tanto
1141 3121 1269 3208 amptius

314 3223 610 3309 recompensabitur
627 3223 707 3289 tini
700 3243 730 3290 rn
748 3225 938 3293 caelestibus
954 3227 1056 3310 glorta
1076 3230 1268 3314 sempiterna

315 3329 413 3396 Beati
434 3329 517 3396 enim
539 3350 706 3418 pauperes
728 3331 866 3418 spirito,
890 3352 973 3421 quau
988 3333 1142 3420 ausuum
1165 3344 1212 3404 cat
1229 3352 1269 3400 rc-

386 3471 506 3526 ¹Mattir.
523 3473 547 3540 6,
568 3472 612 3527 at.
868 3475 916 3528 Ἰ
936 3476 1005 3530 iim
1025 3478 1050 3543 6
1070 3478 1096 3532 9

385 3558 565 3626 ¹Respicitur
584 3564 625 3616 Ps.
644 3564 687 3629 90,
708 3564 736 3630 3;
757 3564 782 3630 9,
804 3564 846 3616 46.
