2776 4316
306 248 346 295 nn
369 249 413 295 vn
435 246 647 297 ennenssrnus.
672 244 845 296 rnocessus
868 248 920 295 vn.
1026 227 1091 296 305

119 353 217 420 mino
232 353 257 430 ¹,
280 361 311 420 et
334 353 371 420 in
393 352 510 420 multis
540 351 738 440 offendimus
773 372 897 429 omnes,
922 353 965 420 ita
988 360 1035 433 ut,
1057 353 1091 418 si

120 461 329 538 diremtum,
354 461 429 547 quia
451 468 623 546 peecatum
640 479 706 528 non
727 458 898 539 trahemus,
922 479 983 527 noe
999 461 1090 546 r'psos
1124 465 1128 474 '

121 566 333 645 seducimus,
356 576 388 634 et
409 567 535 634 ueritus
560 568 594 634 in
618 567 714 634 nohis
736 587 802 634 mort
826 577 883 634 ut
899 568 979 636 Cum
1002 567 1088 636 enim

124 681 295 760 peccatum
319 673 446 741 dicatur
470 674 637 741 aversino
662 692 789 742 snrnmo
813 675 896 741 hono
911 674 951 742 ad
970 675 1088 741 honum

123 779 271 860 interius,
295 781 327 846 in
351 788 506 867 quantum
532 781 606 848 inde
621 781 809 860 avertimur,
827 781 858 848 in
876 789 1000 849 tantum
1022 799 1091 870 pec·

122 895 196 956 cato
220 905 282 954 oon
306 905 465 969 caremus,
488 896 519 956 et
543 888 597 975 qni
616 889 716 975 magis
731 889 889 957 avertitur
906 890 1007 976 magis
1024 907 1092 976 pec·

122 1002 186 1075 cat,
209 994 318 1080 etqui
345 994 460 1075 minus,
485 995 601 1062 minus.
624 994 707 1061 Nihil
743 1004 851 1063 autem
880 995 954 1063 inde
988 995 1089 1064 averti

123 1119 186 1168 non
204 1109 253 1168 est
268 1101 551 1187 peregrinantium,
568 1101 622 1169 sed
641 1102 906 1188 pervenientium,
931 1102 1016 1189 quia,
1032 1103 1091 1170 etsi

123 1207 299 1276 voluntatis
322 1209 453 1276 intentio
477 1217 652 1294 utcumque
675 1209 703 1276 ei
720 1209 883 1288 adhaeret,
900 1209 1032 1278 affectus
1049 1217 1092 1276 ta·

125 1331 199 1381 men
224 1315 352 1401 saepius
375 1315 449 1382 hinc
472 1313 546 1382 inde
567 1313 770 1396 distrahitur,
802 1315 957 1384 memoria
981 1315 1091 1384 moitis

124 1421 197 1489 aliis
222 1429 408 1508 occupatur,
429 1429 459 1488 et
484 1421 689 1508 intelligentia
712 1421 892 1488 caecutiens
916 1421 1017 1508 ipsam
1042 1439 1092 1490 ve·

124 1529 229 1596 ritatis
254 1529 357 1595 turem
382 1545 462 1612 pure
486 1547 547 1594 nnn
574 1528 724 1595 intuetur.
750 1529 786 1594 Et
809 1546 850 1594 ex
877 1529 927 1595 his
943 1528 988 1608 m,
1005 1530 1090 1615 quod

122 1635 298 1722 aliqnando
322 1634 352 1700 in
371 1635 438 1701 istis
455 1635 659 1702 inferioribus
684 1635 890 1721 impingimus
906 1642 938 1702 et
954 1635 1091 1721 impelii-

123 1760 210 1821 mnr,
227 1742 442 1822 nicodemus,
459 1742 517 1809 nisi
539 1742 703 1808 Dominus
719 1761 846 1808 munus
860 1761 961 1810 aarum
973 1762 1091 1830 suppo·

121 1857 196 1928 nat,
213 1857 332 1915 utnon
354 1847 602 1928 collidamur',·
620 1849 699 1916 inde
726 1849 823 1915 David
841 1865 973 1935 gemens
996 1849 1090 1918 dicit:

123 1956 237 2025 Sitivit
252 1955 371 2022 enimc
386 1974 460 2022 mea
477 1953 525 2022 ed
541 1955 644 2024 mum
662 1955 788 2035 vivoru,
804 1957 940 2044 parendo
958 1957 1088 2024 neriam

126 2071 157 2129 et
172 2060 342 2148 apparebo
357 2058 573 2147 antefactum
598 2061 681 2128 Dei?
697 2097 741 2110 -
766 2061 827 2130 Hoc
850 2079 991 2142 oramus,
1015 2081 1088 2130 enm

122 2170 279 2238 dicimus:
318 2168 482 2235 Adveniet
516 2187 658 2256 regnum
693 2177 801 2248 tunm,
832 2169 896 2236 acsi
927 2169 1088 2238 dicamus:

122 2276 266 2364 pondere
283 2275 400 2362 peccati
417 2284 449 2344 et
464 2276 608 2362 corporis
629 2276 843 2362 praegravati,
860 2295 922 2343 non
946 2277 1090 2346 vatemus

121 2380 163 2450 ad
188 2379 269 2448 iilud
294 2381 429 2462 volere;·
454 2380 613 2448 adueniat
646 2381 744 2467 igitur
771 2401 912 2470 regnunt
938 2391 1033 2448 tunm
1056 2393 1088 2450 et

122 2505 182 2556 nos
204 2488 351 2556 celeriter
380 2487 453 2556 hinc
475 2494 629 2567 assumat,
652 2496 689 2555 ut
710 2488 753 2556 ab
777 2489 837 2556 ista
862 2489 991 2556 miseria
1015 2489 1088 2555 iihe-

122 2612 245 2662 remnr.
270 2594 397 2662 interim
423 2595 453 2662 in
479 2594 570 2662 nohis
592 2611 727 2680 operare
743 2596 799 2662 tihi
825 2613 959 2680 regnum
984 2595 1014 2661 in
1040 2595 1089 2660 iu

121 2701 218 2769 stitia
241 2710 271 2768 et
297 2719 379 2787 poce
402 2709 432 2768 et
451 2701 581 2788 gaudio
604 2701 754 2788 Spiritus
776 2702 923 2770 euneti⁸.

214 2811 245 2876 8.
270 2809 446 2896 Aliquando
469 2810 559 2896 qnasi
593 2808 779 2876 inebrietur
812 2807 938 2894 spiritu
969 2816 1001 2875 et
1036 2808 1091 2874 im·

123 2933 247 2984 memor
263 2916 390 2994 suimet,
409 2916 504 2982 homo
526 2915 589 2982 Deo
612 2916 742 2983 deditus
764 2922 796 2982 et
819 2915 846 2982 ei
865 2933 922 3000 per
947 2933 1089 2981 arnorem

122 3021 304 3100 inhaerens,
329 3037 427 3106 snper
450 3019 557 3086 omnia
580 3005 682 3107 ipsius
705 3020 859 3087 honorem
895 3027 927 3086 et
952 3019 1088 3104 ginriem

123 3129 304 3213 promoveri
328 3135 360 3194 et
383 3127 454 3195 eius
477 3126 619 3194 notitiam
643 3127 684 3194 ad
716 3143 827 3194 omnes
851 3126 978 3192 dilatari
1002 3126 1088 3193 desi-

121 3237 250 3314 derans
274 3242 338 3302 tarn
363 3253 423 3321 pro
447 3234 533 3302 itlius
557 3234 660 3319 gioria
681 3253 778 3320 quam
803 3251 862 3320 pro
893 3235 1020 3300 iliorum
1043 3251 1090 3301 sa·

122 3342 188 3410 tute
212 3350 283 3410 oret
307 3343 442 3422 Patrem,
474 3350 510 3409 ut
540 3339 798 3410 sanctificationis
833 3359 911 3409 suae
944 3342 1087 3408 notitiam

194 3484 203 3514 ¹
225 3485 252 3537 ΙΙ.
271 3483 331 3538 Cor.
350 3455 376 3549 5,
397 3485 428 3550 63
447 3481 543 3538 deinde
562 3485 682 3551 sequitur
701 3484 750 3536 iac.
769 3484 795 3547 3,
815 3485 839 3536 2.
859 3490 883 3535 rt
904 3483 921 3536 1.
937 3484 1007 3536 ioan.
1021 3483 1043 3547 i,
1063 3484 1088 3536 8.

195 3573 266 3626 'i‘s
286 3573 329 3638 36,
349 3572 397 3638 2t;
417 3572 478 3626 dein
500 3573 541 3636 Η,
561 3573 586 3625 3.
676 3569 784 3625 ⁸an
805 3571 847 3636 tt,
870 3572 909 3625 17.

982 3681 1015 3732 20
