2776 4316
312 219 377 285 288
665 237 754 283 nrosn
777 234 915 282 coortos.

309 343 493 420 exonerati;
517 343 557 410 ad
582 342 762 410 Corinthios
785 343 919 428 septimo
938 344 969 408 ¹:
1002 341 1088 421 Volo,
1110 361 1169 408 vos
1197 341 1260 407 niu

308 447 531 515 sollicitudine
554 468 622 514 esse
644 456 703 515 eto.
728 486 772 496 -
796 448 884 527 item,
907 447 1143 514 conscientiam
1178 445 1262 513 lucti-

307 554 400 641 ficol,
424 555 500 640 quia
523 562 650 640 gratum
677 555 741 620 [leo
765 563 906 640 praestat
921 555 1111 640 obsequium
1139 555 1195 641 qui
1211 571 1263 639 pro

309 661 378 747 ipso
403 661 489 728 illam
514 662 619 728 carnis
643 661 844 728 dulcedinem
867 661 1000 747 respuit,
1016 679 1112 748 quam
1130 661 1264 727 mundus
1351 684 1352 724 i

309 787 368 854 pro
392 786 507 852 magno
531 768 745 854 concupiscit3
768 766 928 853 laetificat
957 775 1077 847 autem,
1100 768 1177 854 qnia
1207 767 1265 832 lieo
1351 767 1352 776 ’

308 876 420 962 placet,
445 873 547 941 Deum
571 873 675 958 placat
705 880 736 940 et
768 873 833 939 Deo
856 873 1042 958 proximare
1065 873 1138 940 lacit
1161 881 1193 940 et
1217 871 1264 938 llei

308 981 460 1048 offensam
485 986 575 1048 cavet
607 980 637 1045 io
663 979 870 1047 delectatione
894 980 1014 1046 carnali
1038 987 1070 1046 et
1092 979 1265 1065 praemium

308 1087 443 1156 caeleste
468 1093 611 1154 meretur
633 1092 667 1153 et
698 1087 867 1153 Dominum
900 1096 1065 1154 auctorem
1097 1085 1266 1153 munditiae
1352 1155 1353 1166 χ

308 1212 366 1280 per
389 1193 564 1261 castitatem
597 1193 752 1260 imitando
786 1192 943 1279 sequitur,
978 1211 1052 1260 oum
1086 1194 1126 1260 sit
1158 1189 1266 1278 plocio

308 1319 436 1386 mopno
451 1299 547 1388 sequi
562 1299 743 1365 Dominum
757 1298 782 1378 ¹,
798 1300 852 1385 qui
871 1317 928 1366 nos
944 1300 1118 1385 praecessit
1133 1299 1167 1364 in
1185 1313 1266 1364 mun·

309 1407 572 1486 dumcastitatis,
597 1408 686 1492 virgo
711 1406 848 1492 Virginis
872 1407 968 1485 tilius,
992 1407 1153 1493 virginum
1178 1422 1265 1494 spon

309 1531 373 1581 sus.
400 1551 440 1560 -
466 1514 553 1593 item,
578 1522 646 1580 tem
671 1511 862 1579 dominibus
884 1531 987 1600 quoru
1014 1512 1151 1601 Amyclis
1175 1529 1267 1578 omo·
1353 1517 1354 1548 ³

309 1618 404 1685 bilem
432 1627 462 1686 et
494 1617 701 1705 spectabilem
725 1615 832 1704 facit:
868 1615 1172 1704 concipiensque
1207 1625 1264 1684 tarn

307 1726 381 1792 boni
406 1744 501 1812 qoam
521 1725 594 1791 mali
613 1734 805 1792 venerantur
821 1743 911 1802 eam;
929 1725 1078 1811 Adpetis,
1094 1726 1182 1812 quia,
1198 1739 1264 1791 oum

308 1833 497 1900 naturaliter
521 1852 615 1898 omne
630 1831 763 1899 onimol
785 1831 905 1919 ditipot
919 1831 1028 1898 simile
1042 1831 1109 1898 sibi
1121 1832 1145 1910 ¹,
1163 1839 1195 1900 ot
1216 1837 1265 1898 tn·
1354 1887 1355 1898 2

308 1938 368 2024 geli
394 1939 470 2004 casti
496 1937 641 2004 homines
664 1944 768 2004 castos
791 1937 980 2004 familiarius
1003 1937 1152 2022 diligunt.

398 2043 428 2110 3.
452 2044 496 2111 nd
521 2043 673 2111 castitatis
697 2050 803 2109 autem
833 2041 1074 2128 acquisitionem
1104 2049 1137 2109 et
1168 2040 1266 2127 prote

308 2157 395 2217 ctum
419 2159 449 2217 et
473 2151 744 2218 conservationem
762 2149 868 2216 valent
890 2167 938 2230 ea,
962 2167 1045 2234 quae
1068 2149 1196 2236 supra⁴
1219 2164 1267 2235 po·

308 2258 368 2324 sita
392 2265 467 2325 sunt
491 2257 530 2324 de
555 2256 705 2324 remediis
730 2255 891 2336 luxuriae,
915 2254 1035 2323 scilicet
1057 2255 1208 2324 alienatio
1238 2261 1266 2321 et

307 2365 465 2448 separatio
489 2364 680 2430 feminarum
705 2382 724 2429 a
748 2363 825 2429 viris
841 2368 872 2428 et
888 2361 1084 2428 consortium
1101 2361 1267 2428 contuber-

307 2471 379 2537 nale
403 2478 575 2550 oastorum‚
599 2487 737 2556 quorum
762 2469 912 2554 exemplo
939 2467 1067 2536 castitas
1098 2468 1265 2542 doceatnr3

307 2576 395 2657 item,
419 2575 608 2643 deliciarum
632 2576 717 2660 luga,
741 2593 823 2662 quae
858 2574 1005 2641 nutriunt
1028 2573 1135 2642 carnis
1168 2573 1265 2640 illece-

307 2683 399 2762 bras;
424 2683 511 2763 item,
533 2683 733 2750 exteriorum
767 2699 919 2750 sensuum
951 2681 1108 2761 custodia,
1140 2689 1178 2750 ut
1210 2695 1266 2748 uon

306 2790 413 2857 videat
437 2789 485 2856 vel
510 2789 620 2855 audiat
645 2789 694 2856 vel
726 2796 844 2873 tangat,
876 2787 963 2854 undo
999 2795 1158 2868 tentatum
1183 2788 1263 2862 item

306 2893 361 2959 otii
385 2894 545 2972 devitatio,
570 2893 656 2979 quod
680 2900 728 2960 est
758 2892 848 2979 quasi
882 2893 976 2959 ianua
1000 2893 1146 2959 omnium
1181 2891 1267 2960 uitio·

307 3017 391 3079 rum,
416 3001 557 3067 maxime
581 3000 775 3079 carnalium;
800 3001 886 3080 item,
909 3000 1056 3068 custodia
1080 3000 1265 3068 interiorum

307 3109 532 3194 cogitationum
557 3115 589 3174 et
612 3108 814 3175 affectionum
835 3108 953 3189 cordis,
968 3125 1026 3196 per
1042 3127 1124 3195 quas
1140 3108 1266 3177 coluter

307 3217 411 3304 primo
434 3224 531 3302 eaput
556 3222 745 3284 venenatum
771 3214 904 3299 ingerit3
929 3215 1015 3295 item,
1039 3216 1193 3283 orationis
1208 3213 1264 3282 ne

378 3373 388 3406 ¹
409 3376 446 3428 De
466 3377 552 3440 primo
572 3375 629 3428 loco
648 3391 674 3428 v.
694 3376 737 3442 28,
757 3374 790 3427 do
808 3374 927 3428 secundo
946 3389 974 3427 v.
993 3375 1037 3430 32.

377 3463 388 3499 ²
408 3463 484 3515 Eccli.
503 3463 547 3530 23,
566 3463 610 3516 38.
860 3459 966 3516 ⁸ticeli.
987 3464 1030 3529 tt,
1051 3465 1090 3516 ta.

377 3547 477 3604 ‘Vide
495 3550 539 3604 llb.
559 3552 586 3604 lt.
606 3564 629 3604 c.
649 3552 692 3604 50.
