819 1202
203 108 223 125 76
373 113 418 125 Ltussu
430 112 515 125 emunitus.

201 139 282 156 curandae
294 143 323 156 nec
335 139 420 159 timendae,
432 139 543 156 tantummodo
554 143 586 155 nun
599 139 687 156 consentia-

201 167 228 182 tur
236 166 265 186 eis,
273 167 288 182 et
300 166 378 187 patienter
390 170 446 183 earum
459 166 538 183 infestatio
544 166 592 187 quasi
603 166 687 187 quoddam

202 192 298 209 diabolicum
311 193 403 209 susurrium
415 194 525 214 supportetur,
537 192 580 214 quod
589 192 637 209 aliter
645 196 687 209 eum-

202 219 244 240 pesci
257 224 288 235 non
300 221 356 240 potest.
368 219 401 236 Non
416 219 468 236 solent
480 219 525 236 bonis
538 219 639 240 periculosae
650 223 686 236 esse

202 246 242 263 tales
254 246 353 266 tentationes,
365 246 392 263 sed
409 248 448 263 sunt
463 250 511 267 saepe
525 246 609 267 praesagia
621 246 687 263 futurae

201 272 284 294 amplioris
295 272 356 294 gratiae
373 274 389 289 et
406 272 519 289 consolationis
530 274 546 289 et
558 272 635 289 vitiorum
648 277 687 294 pur-

202 299 270 321 gatrices
282 301 297 316 et
309 299 363 321 magui
375 299 427 316 meriti
439 299 541 321 operatrices.

247 327 262 343 9.
275 326 341 343 Divinae
353 330 392 343 vero
408 326 519 348 castigationes
535 326 618 343 humiliter
630 328 646 343 et
658 330 687 348 pa-

202 353 259 370 tienter
271 353 364 370 tolerandae
381 355 424 372 sunt,
439 354 455 370 et
471 353 569 370 iussionibus
580 353 617 369 eius
628 352 687 370 devote

201 380 345 401 obtemperandum
358 381 387 400 est,
399 382 417 396 nt
429 381 445 397 et
456 379 506 396 fortes
518 380 568 396 simus
580 379 596 396 in
609 379 641 396 fide
653 382 669 396 et
677 384 687 396 a

202 406 282 423 mandatis
293 406 328 423 eius
340 410 422 428 nunquam
435 406 539 423 declinemus.

248 433 273 450 to.
286 433 351 450 Possem
363 433 411 450 etiam
428 433 484 455 plures
500 433 605 450 tentationum
624 433 688 454 species

202 460 270 477 inveniri
282 464 292 476 a
304 460 385 480 studiosis,
396 460 425 477 sed
437 460 457 477 ad
470 464 546 481 praesens
558 459 588 476 ista
600 459 687 476 sufficiant.

202 487 242 503 Sunt
254 488 306 503 tamen
319 486 391 508 quidam,
399 486 426 508 qui
437 486 502 503 sibimet
514 488 571 503 texunt
579 486 646 508 laqueus
654 488 687 503 ten-

202 513 286 533 tationum,
301 513 397 535 priusquam
416 515 484 530 tentator
499 513 570 533 acoedat,
587 515 603 530 et
615 513 686 535 quodam

202 540 250 557 modo
261 542 350 562 procurant
361 540 397 560 sibi,
409 540 453 557 uude
465 542 555 560 lomentum
564 541 580 557 et
588 540 619 557 hoc
627 541 652 556 est
665 539 687 556 in-

202 569 267 583 cautum
277 566 329 587 valde,
337 569 355 583 ut
366 567 394 588 qui
406 569 463 588 sponte
472 571 530 588 pravas
538 566 643 588 cogitationes
653 570 688 583 ver-

203 595 238 610 sant
256 593 271 610 in
287 593 341 614 corde,
353 598 394 615 quae
406 593 515 615 postmodum,
529 593 545 610 iu
563 593 687 610 delectationem

202 625 258 637 versae
270 622 286 637 et
298 620 387 640 roboratae,
395 620 482 637 difficulter
490 620 599 642 expelluntur.
609 620 654 640 ltem,
663 619 686 636 illi

202 647 229 669 qui
249 647 336 664 admittunt
355 647 471 664 familiaritates
490 647 562 664 incautas
583 647 687 667 feminarum,

202 678 271 695 quarum
283 673 350 690 affectus
362 674 383 690 ita
395 673 493 695 imprimitur
506 673 556 694 cordi,
564 675 582 690 ut
591 673 619 690 vix
631 675 686 695 postea

201 700 286 720 evellatur,
297 702 313 717 et
325 700 347 717 ita
358 700 379 717 de
393 700 477 717 similibus.
495 700 547 722 Aliqui
559 700 623 717 sibimet
640 704 687 717 assu-

202 729 248 744 munt
267 727 356 747 materiam,
368 727 411 744 unde
425 729 480 748 postea
497 726 618 744 occasionaliter
634 727 686 743 oritur

202 754 225 771 eis
237 754 307 770 turbatio
317 756 334 770 et
346 754 411 770 tentatio
422 753 516 775 periculosa.
525 753 593 777 Quidam
602 758 646 773 vero.
654 758 685 770 non

201 781 279 798 habentes
291 785 355 797 causam
365 780 465 800 turbationis,
473 785 494 797 ex
503 780 537 797 sola
545 780 636 802 suspicione
645 785 686 797 vaua

202 807 281 825 somniant
299 807 363 824 sibimet
381 807 472 824 tentationis
487 807 581 829 procellam,
592 808 608 823 et
620 807 651 824 hoc
668 807 686 823 flt

201 834 288 856 aliquando
300 834 341 851 inter
354 834 446 855 imperfecte
458 834 513 853 honos.
526 834 566 851 inter
578 838 619 855 qnos
627 833 646 850 fit
654 836 686 850 tur-

202 861 245 878 batio
256 863 272 878 et
283 861 363 878 contentio
380 865 411 877 non
429 861 449 877 de
462 861 515 877 radice
533 860 608 880 malitiae,
624 860 653 877 sed
664 864 685 877 ex

202 888 236 905 sola
249 892 289 905 vana
301 888 397 910 suspicione,
409 887 448 904 dum
460 889 529 909 uterque
541 887 602 904 nullius
614 887 646 904 odii
656 887 685 904 sihi

202 915 275 931 conscius
287 916 311 931 est
322 914 402 931 adversus
414 914 482 931 alterum
495 918 524 931 nec
536 913 604 930 intendit
619 918 657 931 eum
670 914 686 930 in

202 941 256 963 atiquo
268 941 336 960 laedere,
348 941 376 958 sed
388 941 486 962 suspicatur,
498 940 566 957 alterurn
583 944 622 962 erga
634 945 652 957 se
664 941 686 957 in-
