2776 4316
289 229 353 298 als
645 250 732 297 arcun
756 249 895 298 renerus.
926 291 931 301 ,

286 353 489 426 irrationales
512 361 545 423 et
562 353 761 423 insensibiles
787 362 953 425 creaturas
973 353 1014 421 ad
1040 353 1094 421 Dei
1121 351 1246 420 laudem

288 460 431 542 invitant,
447 461 523 546 quia
539 461 646 528 omnia
672 478 770 547 opera
793 460 863 528 eius
890 461 1062 530 ostendunt
1083 477 1162 528 eum
1186 457 1251 525 lau·

288 567 426 636 debilem
452 568 482 634 in
507 585 553 646 se,
579 575 611 636 ct
635 567 668 635 in
690 566 840 636 omnibus
863 567 1047 654 agnoscitur
1081 564 1253 634 laudabilis

287 674 358 742 eius
382 674 510 742 virtutis
529 674 676 760 potentia
692 683 724 742 ct
748 674 881 760 prouida
903 674 1073 761 sapientia
1086 675 1172 752 eius,
1192 671 1253 740 cle-

286 798 378 849 mens
402 779 649 860 misericordia,
683 782 818 868 benigna
850 781 1034 867 patieutiae
1058 777 1251 854 toleraretis,

289 888 373 956 iusta
396 886 594 956 meritorum
625 887 813 967 retributio,
842 887 930 972 larga
958 885 1193 956 remuneratio
1223 892 1253 952 et

286 992 618 1078 incomprehensibilis
633 1011 731 1080 super
746 994 853 1060 omnia
875 993 1054 1081 dipuitotie
1076 992 1152 1060 eius
1168 988 1255 1058 exul

288 1097 379 1165 totio.

377 1203 408 1270 3.
431 1204 613 1272 Secundum
639 1205 698 1272 ista
721 1213 843 1290 septem
880 1203 1089 1290 intelligimus
1118 1209 1257 1290 septem·

286 1309 401 1396 plicem
439 1310 544 1379 landis
575 1311 703 1380 divinae
738 1311 916 1392 materiem,
951 1313 1003 1380 cui
1029 1312 1148 1393 omnia,
1173 1325 1256 1397 qnae

287 1417 416 1485 laudem
443 1418 497 1486 Dei
521 1426 644 1500 sonant,
669 1426 802 1505 possunt
826 1420 956 1486 includi.
981 1420 1046 1488 Sex
1069 1420 1155 1487 enim
1182 1424 1256 1485 sunt

286 1523 474 1610 principalia
498 1523 553 1591 Dei
578 1541 686 1610 opera,
710 1525 750 1592 au
773 1543 858 1612 quae
880 1525 987 1592 omnia
1010 1525 1074 1593 alia
1097 1526 1257 1594 reducun·

287 1637 355 1710 tur3
379 1631 551 1716 septimum
578 1649 654 1700 vero
677 1649 740 1697 non
764 1638 812 1698 est
834 1649 927 1716 opus,
943 1630 1001 1698 sed
1024 1631 1092 1716 ipse
1114 1644 1254 1717 operans

287 1737 383 1815 Deus,
406 1737 438 1803 in
463 1754 498 1804 se
521 1738 689 1823 quiescens
711 1746 743 1805 et
767 1737 808 1804 ab
830 1737 981 1805 omnibus
1003 1737 1158 1824 operibus
1184 1735 1251 1804 suis

286 1841 539 1929 superelevatus.
565 1879 606 1890 -
632 1843 750 1912 Horum
775 1843 879 1930 ligura
911 1852 987 1912 sunt
1013 1860 1112 1930 opera
1136 1844 1253 1930 primo

286 1967 360 2016 rum
384 1967 442 2017 sex
467 1951 594 2018 dierum
610 1950 631 2030 ¹,
655 1951 773 2038 quibus
789 1951 875 2020 Deus
890 1951 998 2018 omnia
1019 1950 1095 2018 lecit
1110 1960 1142 2018 ct
1158 1951 1190 2018 in
1208 1965 1254 2018 se·

286 2057 386 2143 ptimo
410 2058 542 2144 perfecit
564 2066 596 2126 et
619 2059 790 2144 comptem
812 2077 896 2144 quae
912 2059 1030 2128 lecerat
1046 2076 1106 2126 sex
1126 2059 1252 2128 diebus.

287 2164 347 2232 Sed
372 2181 446 2230 cum
470 2165 577 2232 omnia
600 2165 726 2234 lecisset
751 2165 836 2234 Deus
858 2183 917 2232 sex
941 2164 1057 2234 diebus
1071 2173 1104 2232 ct
1122 2165 1200 2232 nintt
1217 2163 1247 2230 in

287 2271 422 2356 septimo
446 2272 570 2356 legatur
592 2272 769 2354 addidisse,
789 2291 855 2358 quo
877 2273 959 2340 iacta
982 2272 1162 2358 perliceret,
1190 2269 1245 2338 scel
1369 2309 1370 2330 ,

286 2377 392 2462 potius
415 2376 456 2444 ab
480 2379 565 2444 omni
590 2395 687 2464 opere
711 2395 852 2446 cessasse
874 2386 907 2445 et
943 2378 1151 2464 requievisse,
1174 2393 1247 2466 quo

287 2483 382 2550 modo
405 2501 443 2550 ca
467 2484 608 2569 perfecit,
631 2485 658 2552 si
682 2485 761 2552 nihil
796 2485 945 2554 addendo
968 2485 1063 2554 leuitt
1087 2485 1148 2554 nisi
1173 2483 1246 2573 quia

286 2608 344 2678 per
367 2591 428 2658 hoc
451 2591 548 2660 latur
573 2592 663 2660 nohis
687 2591 830 2679 intelligi,
853 2591 940 2679 quod
975 2593 1081 2660 omnis
1103 2601 1249 2662 creatura

286 2695 326 2762 de
349 2713 383 2764 se
407 2696 593 2782 imperfecta
615 2705 674 2780 est,
698 2705 730 2765 et
753 2699 822 2785 ipse
844 2698 931 2768 Deus
954 2705 1003 2768 est
1018 2698 1164 2766 omnium
1182 2712 1250 2784 ope

287 2819 361 2869 rum
378 2820 511 2870 suorum
535 2803 697 2888 perfectio,
720 2811 750 2871 et
775 2805 807 2872 in
831 2805 936 2890 ipsum
954 2804 1132 2874 reflectitur
1147 2803 1249 2872 omnis

286 2913 446 2989 creatura,
470 2927 569 2996 aquo
593 2907 673 2991 fluit,
697 2910 780 2981 siout
804 2912 841 2986 in,
852 2913 990 3000 primam
1017 2911 1181 2981 causam'.
1202 2911 1251 2978 Ec

287 3012 360 3097 ipso
384 3015 574 3100 prodierunt
597 3017 779 3098 causaliter,
798 3018 990 3105 peripsum
1006 3017 1198 3096 subsistunt,
1214 3017 1248 3084 iu

287 3119 398 3204 ipsum
416 3130 634 3204 revertuntur,
650 3130 687 3190 ut
709 3125 816 3192 omnia
839 3124 882 3192 ub
906 3125 979 3211 ipso
1003 3124 1248 3204 beatificentnr3
1369 3213 1370 3223 ἵ

359 3297 366 3332 ¹
388 3299 452 3351 Gen.
472 3299 498 3353 l.
516 3305 542 3353 et
561 3303 587 3354 2.

357 3383 447 3442 ’Vct
466 3393 492 3441 et
509 3389 553 3443 ed.
575 3391 586 3442 l
610 3391 648 3443 sic
667 3391 832 3445 continuant:
851 3403 883 3444 cx
911 3406 965 3459 quc
993 3391 1081 3445 omnic
1112 3405 1161 3457 per
1189 3405 1252 3446 cau·

286 3487 343 3528 sam
371 3477 518 3545 formalem,
545 3491 594 3544 per
619 3491 699 3548 quem
725 3481 813 3534 omnle
841 3493 890 3547 per
914 3493 1022 3534 cauum
1040 3478 1206 3547 efficientem,
1225 3483 1251 3532 in

286 3578 340 3632 quo
358 3569 444 3620 omnia
459 3579 507 3634 per
519 3581 627 3622 causam
646 3568 765 3636 fluerem
778 3575 804 3626 et
816 3571 868 3624 troc
879 3568 909 3624 tlt
920 3573 971 3624 etc.
983 3567 1035 3624 cn.
1054 3569 1131 3624 llum.
1151 3569 1193 3636 tl,
1207 3569 1251 3624 ³0.
