2792 4318
285 226 346 290 llo
621 241 709 288 arnna
733 239 903 287 sucnnnns.

604 465 789 532 crurouuu
812 465 915 534 XXIV.

395 662 597 750 spirituales
620 663 758 730 deliciae
780 671 809 730 et
829 671 951 750 pastus
976 661 1129 730 inurunt

545 769 731 836 dulcedinis
753 769 981 856 neplipuntuc.

371 982 416 1048 Dc
439 981 662 1067 spiritualibus
693 988 799 1049 autem
825 981 948 1049 deliciis
972 989 1003 1048 et
1027 988 1126 1066 gustu
1149 981 1257 1047 inter-

282 1106 340 1155 nae
364 1088 553 1168 dulcedinis,
569 1107 651 1175 quae
668 1088 736 1156 sine
752 1089 989 1174 comparatione
1005 1106 1116 1155 omnes
1132 1087 1254 1155 mundi

282 1195 412 1262 delicias
454 1203 605 1280 superant
637 1196 719 1263 sicut
750 1195 813 1262 mel
846 1195 970 1274 finum,
1006 1195 1061 1260 vix
1097 1202 1146 1261 est
1182 1195 1254 1260 iam

285 1302 402 1369 mentio
433 1303 483 1370 vel
519 1301 633 1370 efficax
665 1301 861 1369 desiderium
886 1309 942 1369 aut
966 1300 1109 1368 studium
1134 1301 1255 1383 (etiam

283 1408 366 1475 inter
389 1408 471 1490 illos,
495 1409 549 1496 qui
573 1408 632 1475 sibi
657 1409 713 1475 alti
729 1408 880 1476 videntur
898 1409 929 1474 in
946 1408 1128 1494 Religione),
1146 1408 1255 1474 immo

283 1514 469 1599 despicitur,
501 1514 666 1582 deridetur
702 1522 733 1582 et
767 1515 859 1600 quasi
895 1513 1028 1581 stultitia
1063 1521 1095 1581 et
1128 1512 1256 1580 abomi-

204 1681 206 1684 .
285 1621 370 1686 natio
395 1621 457 1686 ianr
482 1621 638 1702 hahetur3
662 1628 694 1688 et
716 1620 757 1687 ab
781 1621 851 1688 aliis
875 1621 1037 1707 Religiosis
1055 1621 1256 1707 persecutio

283 1744 356 1794 nem
381 1727 565 1794 huiusmodi
589 1728 756 1812 patiuntur
776 1735 808 1795 ct
831 1727 1027 1794 daemoniaci
1055 1733 1256 1812 reputantur

283 1840 315 1901 et
339 1833 489 1900 haeretici
525 1834 687 1900 dictantur.
718 1835 821 1918 Quam
854 1851 930 1901 vero
953 1832 1148 1919 spirituales
1184 1832 1254 1918 ipsi

285 1937 357 2016 sint,
382 1939 437 2023 qui
461 1939 637 2005 devotionis
658 1939 791 2024 gratiam
817 1939 862 2006 sic
885 1939 1064 2025 despiciunt
1087 1947 1119 2005 et
1142 1954 1257 2024 perse·

284 2051 440 2129 quantur,
463 2044 504 2111 ab
528 2045 697 2130 Apostolo¹
725 2045 857 2125 discant,
880 2045 935 2132 qui
960 2045 1055 2112 etiam
1080 2042 1257 2110 animales

283 2167 338 2218 eos
362 2150 511 2235 appellat,
534 2151 589 2237 qui
613 2170 679 2218 non
703 2151 884 2238 intelligunt
899 2160 1079 2240 quaesunt
1102 2149 1256 2236 spiritus

286 2255 356 2336 Dei,
380 2257 456 2342 quia
478 2257 622 2324 stultitia
645 2266 692 2324 est
715 2257 792 2324 illis.
825 2259 890 2324 Non
922 2266 1029 2325 tamen
1063 2257 1160 2324 laudo
1196 2256 1257 2325 vel

284 2363 427 2447 approbo
451 2362 636 2450 deceptores
659 2371 690 2432 et
713 2364 874 2449 deceptos,
897 2362 953 2450 qui
977 2363 1125 2449 spiritum
1149 2381 1256 2430 suum

284 2468 335 2535 vel
359 2469 498 2536 alienum
523 2489 582 2556 pro
606 2470 721 2556 spiritu
744 2471 799 2538 Dei
825 2480 1005 2556 sequuntur
1035 2477 1067 2537 et
1090 2469 1258 2538 seducun-

285 2582 350 2656 tur,
374 2576 428 2643 sed
454 2577 609 2661 probandi
633 2584 709 2644 sunt
732 2561 889 2663 spiritus¹
913 2584 945 2645 et
968 2577 1012 2644 sic
1029 2574 1200 2644 iudicandi.

521 2889 524 2894 Ι
613 2806 794 2874 cinnano
820 2807 909 2875 XXV.

346 3001 459 3084 Quare
482 2999 611 3069 domini
631 3003 733 3070 datus
755 3003 801 3070 sit
822 2999 962 3090 affectus
985 3000 1179 3069 dilectionis.

373 3215 510 3283 Affectus
533 3214 718 3282 dilectionis
741 3215 834 3283 etiam
860 3214 955 3283 datus
978 3214 1037 3282 luit
1062 3213 1197 3295 homini,
1214 3225 1259 3286 ut

287 3321 436 3408 diligeret
468 3323 569 3390 Deum
606 3339 704 3408 super
738 3321 844 3390 omnia
876 3327 908 3390 et
939 3339 973 3390 se
1004 3327 1036 3389 et
1058 3320 1255 3408 proximum

285 3435 415 3514 propter
438 3429 540 3497 Deum
565 3435 597 3497 et
620 3429 797 3497 secundum
821 3429 935 3510 Deum,
967 3436 999 3496 ct
1020 3429 1128 3496 omnia
1151 3447 1259 3516 opera

357 3549 366 3582 ¹
386 3554 405 3606 1.
423 3553 483 3608 Cor.
502 3557 527 3622 2,
549 3555 592 3610 tt.
836 3552 921 3609 ’Clu
941 3555 960 3608 1.
979 3555 1047 3608 loon.
1067 3553 1093 3621 i,
1114 3555 1138 3607 l.
