2808 4318
330 230 394 294 blo
680 247 769 295 nmen
792 247 930 296 rannus.

326 361 414 439 tegre
437 353 625 439 possideret
648 353 681 418 ln
705 353 927 438 spiritualibus
957 353 1078 420 divitiis
1109 352 1225 420 nullm
1246 369 1287 419 ex

325 461 459 529 alterius
480 461 676 528 abundantia
698 461 820 547 patitur
843 460 1082 541 detrimentum,
1105 479 1185 528 cum
1208 459 1290 528 alius

325 569 405 635 nibil
428 569 470 635 sit
492 569 599 634 minus
621 567 749 653 sapiens
772 566 823 635 rel
848 568 1020 646 virtuosus,
1051 585 1089 634 eo
1123 566 1216 652 quod
1246 567 1290 634 eis

325 675 406 744 oller
427 675 578 742 abundet
601 675 662 743 Sed
686 693 780 742 secus
802 683 850 742 est
873 675 914 742 de
931 673 1155 742 saecularibus
1171 673 1291 741 divitiis

325 793 358 850 et
380 782 566 863 bonoribus,
589 782 664 868 quia
687 790 732 848 tot
748 799 877 849 necesse
893 782 1076 848 esthabere
1092 781 1291 866 partitiones,

325 899 403 977 quot
425 897 500 958 sunt
523 890 758 975 participantes
781 896 814 956 et
837 888 908 956 ideo
931 888 1012 955 alter
1042 888 1136 956 alteri
1171 887 1290 954 invidet

325 997 465 1075 habenti,
488 996 575 1082 quod
598 997 665 1080 lpse
689 1013 752 1061 non
777 1002 879 1078 potest
902 994 1031 1062 babere.
1055 994 1138 1062 llaec
1163 993 1225 1060 luit
1241 1009 1291 1059 oc-

325 1104 420 1183 casio,
442 1121 542 1190 quare
576 1105 632 1168 but
666 1103 796 1169 recessit
827 1103 868 1168 ab
901 1101 1060 1168 Abraham
1088 1106 1121 1168 et
1154 1101 1241 1168 Esau
1272 1118 1290 1164 a

325 1211 426 1289 iacob,
449 1210 524 1296 quia
548 1210 648 1276 multa
672 1209 833 1276 habebant
856 1226 982 1294 pecora,
1005 1217 1037 1275 et
1058 1227 1128 1274 con
1157 1213 1290 1293 poterat

325 1337 378 1385 cos
401 1336 519 1405 cupere
542 1325 647 1395 terro,
672 1323 707 1382 ul
728 1315 842 1394 struet,
868 1315 899 1382 id
923 1324 971 1382 est
995 1315 1211 1392 concorditer,
1235 1311 1289 1380 lto-

326 1424 479 1503 bt'toacnt,
502 1423 696 1490 rixantibus
719 1423 805 1489 inter
827 1442 863 1489 sc
881 1421 1076 1508 pastoribus
1096 1440 1246 1508 prepom
1260 1419 1287 1496 ¹,·

324 1533 400 1618 quia
424 1532 641 1617 multiplicatis
662 1531 820 1617 pecorinis
842 1530 1021 1609 desideriis,
1045 1528 1170 1596 scilicet
1202 1545 1288 1594 mun·

324 1639 425 1718 danis,
449 1638 485 1706 lit
507 1640 580 1706 rixa
603 1639 684 1705 inter
709 1638 897 1718 voluntates,
921 1654 1004 1724 quae
1026 1636 1141 1703 volunt
1157 1651 1286 1722 pascere

324 1763 383 1813 sua
407 1746 564 1814 desideria
587 1747 618 1811 in
643 1745 743 1831 pratis
766 1745 865 1812 buius
887 1743 1017 1824 saeculi,
1040 1751 1073 1810 et
1096 1741 1287 1810 cumomni

324 1853 386 1921 bus
408 1872 470 1920 non
494 1852 630 1921 sufficiat
653 1871 712 1938 pro
736 1851 839 1933 libitu,
861 1851 1016 1919 dividitur
1036 1850 1136 1917 frater
1154 1849 1286 1916 alratrc

324 1978 383 2046 per
405 1960 543 2028 invidiae
566 1960 753 2039 dissidium;
769 1976 852 2045 quae
868 1976 993 2044 pecora,
1009 1958 1035 2024 si
1052 1974 1159 2044 pauca
1174 1956 1285 2034 lorent,

218 2106 221 2112 ·
324 2069 449 2136 modico
471 2075 617 2135 contenta
640 2074 763 2145 essent;
787 2066 956 2133 Zacharias
969 2063 998 2128 ²:
1023 2063 1132 2130 Posce
1163 2079 1285 2150 pecora

324 2175 511 2254 ocot'st'ocis,
533 2194 619 2262 punc
641 2174 702 2262 pul
722 2173 949 2260 possederunt,
973 2169 1180 2251 occidebant,
1199 2167 1282 2257 quod

324 2284 418 2351 etiarn
443 2283 488 2350 sic
512 2291 615 2369 potest
638 2281 780 2366 intelligi,
803 2280 835 2348 id
867 2288 925 2359 est,
948 2297 1064 2365 peoora
1097 2278 1282 2347 occidebant

324 2408 388 2470 eos,
411 2391 465 2476 qui
490 2407 524 2457 se
540 2389 751 2475 possidebant.
768 2386 963 2473 Augustinus
975 2385 1002 2451 ³:
1025 2411 1041 2444 α
1055 2386 1215 2453 llinenlor
1231 2385 1283 2451 im-

324 2498 417 2564 mites
439 2507 471 2564 et
494 2497 646 2564 dimicent
667 2514 726 2581 pro
750 2495 904 2572 terrenis;
929 2492 1016 2560 beuti
1037 2501 1148 2560 aulem
1179 2493 1280 2570 mdo,

323 2605 483 2692 quonium
507 2604 565 2689 ipsi
587 2602 800 2690 possidebunt
832 2602 986 2668 terrum*
1019 2601 1211 2681 viventium,
1243 2599 1280 2666 dc

324 2729 388 2798 qua
412 2710 484 2796 pelli
510 2730 572 2778 non
597 2719 730 2798 possunt
743 2734 775 2775 o.
799 2707 963 2776 Habentes
983 2715 1097 2775 uectem
1120 2707 1279 2776 alimento
1380 2727 1381 2742 ¹

324 2825 353 2884 et
375 2817 495 2905 quidus
519 2826 684 2904 tepumor,
709 2813 760 2882 lais
777 2815 919 2882 contenti
932 2815 1061 2892 simum
1076 2821 1109 2881 el
1123 2811 1277 2900 quidquid

323 2923 476 3009 penuriae
499 2925 649 3012 patimur,
673 2924 741 2990 loco
765 2922 851 2989 illius
874 2922 974 2989 Deum
999 2921 1031 2989 in
1060 2920 1158 2989 corde
1192 2935 1279 3006 pona·

323 3048 406 3111 mus,
429 3031 485 3116 qui
509 3030 623 3097 omnio
646 3028 800 3116 imptet⁸3
823 3035 870 3096 et:
896 3027 993 3095 Booti
1014 3045 1184 3114 pauperes
1214 3023 1277 3112 opi·

395 3225 402 3259 ¹
423 3227 486 3278 Gen.
507 3227 549 3294 l3,
568 3227 594 3279 5.
613 3239 687 3292 seqq.
706 3229 732 3277 et
750 3224 793 3290 36,
813 3224 839 3277 6.
857 3237 913 3291 seq.

393 3311 404 3344 ¹
422 3313 487 3381 Cap.
507 3316 548 3383 ll,
570 3314 594 3367 l.
613 3329 669 3382 seq.

394 3403 460 3457 'De
479 3407 562 3458 Serm.
582 3403 685 3456 Domini
704 3404 729 3455 in
749 3407 845 3467 monto,
865 3400 909 3456 lib.
929 3403 947 3454 l.
966 3414 990 3454 c.
1011 3403 1036 3454 2.
1055 3415 1081 3453 n.
1101 3399 1126 3453 l.

392 3491 508 3549 ‘llattb
529 3494 555 3561 ὅ,
576 3493 606 3560 l;
625 3493 743 3561 seqnitur
761 3493 779 3545 l.
799 3493 866 3544 Tim.
886 3491 912 3558 6,
931 3491 957 3544 8.

394 3581 475 3636 ⁶Ctr.
494 3584 559 3650 pr.
578 3583 604 3647 l,
624 3584 671 3646 lll;
691 3580 786 3635 deinde
804 3583 923 3649 sequitur
941 3581 1027 3635 ldaltb.
1046 3580 1073 3647 5,
1094 3579 1120 3632 3.
