2776 4316
315 247 380 315 318
669 265 755 314 cinno
779 265 917 314 ruurrns.

314 370 373 438 sibi
398 389 576 456 congruum
602 369 861 454 gubernanturu
888 370 963 449 ben,
987 370 1042 457 qui
1066 369 1204 457 disponit
1226 369 1265 436 in-

312 478 430 545 teriora
454 478 630 544 ministerio
646 478 862 562 superiorum,
879 477 999 544 scilicet
1016 478 1216 561 Angelorum.
1231 513 1268 524 -

313 584 402 671 Opus
425 584 661 670 redemptionis
683 583 881 669 siguitlcetur
896 601 994 670 opere
1019 585 1130 650 tertiae
1155 585 1227 660 diei,
1242 583 1267 649 in

313 711 387 778 qua,
396 691 488 778 aquis
506 689 710 757 interioribus
725 691 910 775 segregetis,
923 700 1009 756 terra
1021 691 1172 776 apparuit
1187 687 1268 756 arina

312 806 344 864 ει
368 797 541 876 fructifera,
564 796 640 881 quia
671 796 808 881 peccetis
839 803 940 863 totum
973 813 1075 881 genus
1098 795 1268 863 humanum

313 903 543 995 occupantibus
559 902 688 970 semotis
704 903 745 968 ab
763 902 899 970 Ecclesia
913 909 946 970 ct
961 902 1046 988 apud
1066 901 1211 970 infideles
1225 919 1269 969 rc-

314 1011 526 1090 mauentibns
551 1009 687 1077 Ecclesia
711 1009 847 1077 dirersis
871 1010 1047 1095 gratiarnm
1078 1009 1269 1095 germinibus

314 1117 516 1186 fecundetur.
537 1151 579 1166 --
597 1115 685 1203 Opus
701 1115 952 1202 iustificationis
968 1115 1168 1201 significatur
1184 1131 1271 1202 opere

313 1234 447 1311 quartae
470 1223 544 1303 diei,
569 1223 599 1289 in
624 1241 688 1309 qne
706 1223 876 1290 luminaria
893 1223 971 1291 caeli
997 1223 1078 1290 lacta
1101 1221 1270 1308 suntquis

207 1359 210 1368 ·
313 1347 372 1416 per
395 1329 493 1396 solem
518 1329 659 1396 caritatis
681 1338 713 1396 et
736 1328 846 1396 lunam
871 1327 944 1395 fidei
962 1337 994 1395 et
1016 1328 1125 1396 stelles
1142 1327 1270 1396 aliarum

314 1437 471 1504 virtutum
495 1436 593 1503 corde
621 1434 764 1504 fidelium
798 1435 1021 1502 illuminantur
1052 1443 1084 1503 et
1114 1437 1267 1502 vitamet

314 1543 459 1610 ordinem
483 1550 515 1609 et
540 1543 726 1629 meritorum
751 1542 893 1628 rigorem
917 1541 1009 1629 quasi
1034 1559 1091 1628 per
1116 1543 1219 1610 lucem
1243 1547 1269 1605 et

314 1649 452 1718 calorem
476 1649 619 1716 siderum
644 1657 894 1734 consequuntur.

406 1757 455 1821 ll.
481 1754 570 1840 Opus
593 1754 810 1822 iudicationis
841 1762 873 1823 ει
903 1755 1191 1822 condemnationis
1221 1769 1264 1820 re·

314 1862 489 1948 proborum
513 1861 711 1947 significetur
734 1878 831 1948 opere
855 1861 985 1949 quintae
1000 1862 1074 1942 diei,
1099 1863 1129 1928 iu
1155 1875 1266 1949 quaen

313 1970 406 2053 aquis
430 1969 571 2036 natatilia
595 1975 627 2036 et
642 1968 782 2036 volatilia
798 1968 880 2036 tacta
904 1975 988 2048 sunt,
1007 1971 1083 2054 quia
1104 1989 1146 2037 ex
1162 1968 1263 2038 codem
1357 1961 1358 1964 ’

315 2093 431 2161 genere
455 2075 621 2142 lrominum
645 2073 699 2142 alii
722 2074 891 2142 elevantur
914 2091 1044 2142 sursum
1065 2076 1106 2142 ad
1130 2073 1268 2143 caelestia

313 2199 372 2270 per
395 2183 541 2268 gratiam,
563 2182 616 2248 ulii
642 2181 870 2268 relinquuntur
886 2181 916 2248 in
939 2189 1031 2250 reatu
1054 2179 1266 2254 damnationis,

315 2291 346 2356 in
371 2308 434 2374 qna
458 2288 522 2355 nati
547 2295 632 2370 sunt,
656 2305 714 2375 per
738 2290 889 2356 meritum
913 2289 1027 2376 culpae
1050 2290 1215 2376 originalis
1240 2291 1266 2352 ει

313 2394 458 2462 actualis.
491 2431 537 2442 -
571 2394 660 2480 Opus
695 2381 954 2481 plenificntr'onis
988 2394 1188 2480 significatur
1216 2407 1264 2480 per
1355 2459 1356 2464 ,

314 2519 396 2588 opus
419 2509 529 2568 sextae
553 2501 627 2581 diei,
651 2502 682 2567 in
718 2519 782 2588 qua
813 2501 910 2568 homo
937 2501 978 2568 ad
1014 2503 1186 2588 imaginem
1217 2495 1265 2566 liri

314 2609 416 2676 lactus
438 2608 588 2676 omnibus
613 2609 783 2676 mundanis
806 2607 1002 2694 praeficitur,
1026 2609 1102 2696 quia
1129 2627 1189 2695 ρει·
1209 2605 1265 2695 plo

313 2715 394 2782 riam
419 2715 454 2783 rit
477 2715 573 2782 lromo
601 2715 765 2782 nettormts
795 2721 827 2783 et
850 2715 896 2782 illi
923 2716 1036 2784 unitor
1064 2717 1147 2784 sicut
1179 2729 1265 2784 mem·

313 2822 409 2889 hrum
434 2823 539 2908 capiti,
563 2822 616 2908 qni
641 2822 791 2892 omnibns
806 2823 891 2892 sicut
906 2839 1004 2891 verus
1019 2823 1175 2892 Dominus
1190 2821 1265 2912 prin·

313 2928 449 3014 cipatnr,
472 2929 560 2996 lesus
591 2929 738 2996 Christus
768 2928 924 2998 Dominus
958 2929 1044 2998 Dens
1078 2937 1198 2998 noster.
1228 2961 1264 2978 ›-

313 3035 443 3120 Septimi
467 3036 530 3103 diei
555 3053 617 3102 nou
641 3041 690 3104 est
712 3053 805 3122 opus,
829 3035 883 3106 sed
902 3036 1014 3122 operio
1031 3037 1094 3103 liei
1104 3033 1264 3124 completio

312 3159 370 3226 ρει
393 3141 533 3228 quietem
558 3141 589 3208 in
615 3142 774 3230 Demque
798 3143 884 3211 Dens
907 3143 1043 3230 quiescit
1065 3143 1149 3212 inse
1171 3153 1264 3214 etoos

311 3249 343 3314 in
369 3247 442 3315 lieo.
468 3248 554 3316 Unde
570 3257 602 3317 et
621 3247 799 3318 saccorum
814 3235 1007 3336 appellatur,
1025 3250 1056 3318 id
1073 3257 1122 3319 est
1138 3250 1264 3340 requies,

312 3355 388 3441 quia
412 3374 470 3441 per
492 3355 631 3442 quietem
655 3357 687 3423 in
712 3355 777 3426 Deo
800 3355 967 3444 perficitur
990 3355 1155 3424 rationalis
1188 3371 1264 3426 crea·

312 3470 397 3542 tura,
420 3481 502 3550 quoe
519 3473 567 3532 est
583 3482 679 3532 censa
695 3473 726 3533 et
742 3464 846 3533 torma
862 3464 966 3532 omnis
981 3464 1177 3534 irrationalis
1191 3479 1265 3533 trec·
1351 3451 1352 3470 ³

313 3576 414 3649 torae,
438 3586 511 3636 cnm
535 3570 576 3637 acl
601 3571 661 3638 hoc
685 3587 813 3657 semper
827 3571 932 3638 omnis
947 3579 1064 3638 natura
1078 3573 1264 3652 construunt
