2792 4318
323 270 385 335 102
663 286 751 333 arnna
776 285 946 332 secuunns.

660 496 844 563 Carrrnnnu
868 497 943 565 XVl.

347 711 388 776 lu
411 709 505 776 uobis
529 718 575 776 est
599 709 812 797 quadruplex
836 685 982 796 deseotm
1012 709 1175 776 inclinans
1196 709 1241 775 ud

325 859 329 864 -
396 816 523 883 mulum
548 823 579 882 et
598 835 764 903 penerous
786 825 906 902 septem
929 816 1094 901 copitalia
1115 815 1202 882 vitio.

411 1031 439 1094 l.
457 1028 490 1094 ln
508 1027 599 1094 nobis
615 1035 722 1095 antem
739 1027 945 1114 quadruplex
964 1029 1106 1096 delectus
1121 1035 1175 1106 est,
1191 1026 1270 1094 unde

320 1135 361 1203 all
385 1136 504 1203 malum
530 1139 620 1222 proni
646 1155 774 1203 sumus:
803 1137 989 1222 ignorantia,
1018 1135 1271 1222 concupiscentia,

318 1243 450 1322 malitia,
474 1242 652 1310 infirmitas.
678 1243 880 1328 lpuorontio
910 1250 1070 1322 excaecat,
1105 1261 1144 1310 ne
1169 1257 1270 1308 rernm

319 1368 530 1435 agnoscamus
555 1357 587 1416 et
610 1367 756 1417 erremus
781 1351 810 1416 in
829 1350 947 1417 iudicio
965 1350 1037 1417 boni
1053 1359 1086 1417 et
1101 1350 1183 1416 mali.
1200 1348 1272 1416 Gou-

318 1456 523 1542 cupisceutic
546 1456 668 1522 emollit
701 1457 741 1523 ad
777 1457 992 1543 appetendum
1017 1465 1049 1524 ot
1080 1455 1266 1542 diligendum

318 1563 454 1630 visibilia
477 1571 509 1631 ot
532 1562 731 1630 delectabilia
766 1564 864 1630 carni.
900 1563 1033 1630 Malitio
1056 1569 1220 1650 exasperat
1240 1567 1268 1626 et

318 1671 472 1740 amaricat
496 1687 550 1736 cor
573 1670 612 1736 ad
638 1670 731 1745 iram,
754 1670 926 1749 tristitiam,
943 1670 1096 1737 invidiam
1112 1679 1143 1738 et
1158 1670 1267 1736 odium.

318 1775 507 1862 iufirmitas
531 1775 675 1843 debilitat
697 1776 738 1843 ad
762 1776 976 1844 resistendum
1003 1777 1088 1843 malo
1110 1785 1142 1843 et
1163 1776 1266 1844 adhae-

317 1884 455 1951 rendum
491 1883 582 1950 bono.
617 1883 698 1950 llaec
733 1892 871 1969 quatuor
903 1883 1087 1955 incidimus,
1105 1901 1146 1951 ex
1181 1897 1271 1970 poena

317 1990 412 2076 primi
437 1989 556 2075 peccati
581 1998 611 2056 et
636 1989 833 2074 originaliter
849 1990 1069 2057 contrahimus
1097 2008 1135 2058 ea
1150 2008 1191 2058 ex
1212 2005 1271 2075 pec·
1356 1995 1357 2000 ’

318 2103 398 2175 cato,
422 2096 453 2162 in
478 2114 542 2181 quo
566 2096 728 2164 nascimur
753 2095 808 2161 lilii
834 2096 910 2162 irae.

407 2205 438 2269 t.
464 2202 508 2268 Ex
533 2202 583 2270 his
608 2204 767 2287 prodeunt
802 2210 923 2289 septem
959 2203 1106 2289 capitalia
1131 2203 1213 2282 vitia,
1234 2199 1268 2267 de

318 2308 436 2394 quihus
460 2309 550 2394 quasi
588 2309 763 2376 maioribus
798 2309 897 2376 ramis
931 2316 1037 2376 cetera
1072 2308 1148 2375 vitia
1182 2305 1271 2394 pullo·
1355 2321 1356 2350 t

318 2415 395 2481 lant.
431 2415 511 2483 Haeo
535 2422 610 2483 sunt
634 2423 754 2501 septem
780 2416 882 2502 capita
917 2415 1066 2483 draconis
1102 2416 1134 2482 in
1171 2417 1270 2501 opoca-

317 2520 398 2608 lypsi
413 2519 436 2601 ¹,
460 2529 491 2588 et
514 2529 634 2607 septem
659 2523 826 2590 daemonia
851 2522 881 2589 in
907 2522 1010 2590 Marco
1028 2521 1068 2589 de
1084 2522 1182 2589 Maria
1198 2521 1271 2604 uag-

317 2628 433 2695 dalena
464 2645 522 2715 per
558 2628 720 2697 Christum
756 2629 865 2708 eiecta,
896 2631 971 2696 item
1004 2637 1127 2716 septem
1163 2636 1272 2715 gentes,
1354 2675 1355 2720 3

317 2752 400 2822 quae
424 2742 543 2802 terram
561 2735 781 2821 promissionis
797 2743 1041 2822 occupaverant,
1059 2754 1098 2803 ne
1115 2735 1171 2803 lilii
1187 2731 1273 2802 lsrael
1354 2729 1355 2801 l

317 2840 349 2908 in
373 2859 411 2907 ea
435 2839 566 2927 pacifice
589 2841 787 2922 habitarent3
812 2841 887 2928 quia
910 2849 1020 2910 arcent
1036 2861 1095 2910 nos
1118 2839 1273 2910 haecritio

317 2947 358 3015 ab
392 2947 524 3014 introitu
548 2948 638 3033 regni
663 2948 818 3029 caelestis,
842 2949 901 3016 nisi
937 2967 975 3017 ea
1006 2949 1195 3017 studeamus
1228 2965 1274 3016 ex·
1353 3007 1354 3016 ,

317 3071 461 3139 pugnare
484 3059 516 3120 et
547 3054 729 3140 subiugare.
763 3055 859 3123 Docet
895 3063 1003 3123 antem
1038 3064 1133 3123 vetus
1156 3053 1273 3122 traditio
1353 3051 1354 3133 l

316 3160 403 3246 apud
427 3159 573 3242 Graecos,
597 3160 681 3230 siout
696 3169 728 3229 et
751 3161 921 3230 Clemens'
938 3168 1084 3243 testatur,
1101 3161 1187 3250 quod
1204 3161 1273 3228 istae

388 3335 398 3368 ¹
418 3336 481 3404 Cap.
503 3339 544 3405 tr,
565 3339 591 3392 3.
609 3345 635 3392 et
653 3338 748 3392 deinde
768 3339 846 3393 Marc.
866 3341 910 3408 l6,
931 3341 957 3394 9.
976 3346 1003 3394 et
1019 3339 1101 3394 ludio.
1121 3339 1147 3404 ³,
1167 3340 1193 3392 3.
1211 3339 1236 3392 5.

388 3422 399 3456 ¹
419 3427 479 3481 Scil.
498 3427 642 3495 Romanus,
662 3427 717 3482 Lib.
738 3429 755 3482 l.
774 3429 919 3496 uecogmc,
941 3443 966 3483 n.
981 3429 1023 3482 30.
1038 3428 1081 3481 31.
1096 3429 1140 3482 38.
1153 3429 1222 3482 lianc
1234 3439 1273 3478 ve
1352 3401 1353 3467 l

316 3521 400 3568 terem
419 3515 587 3572 tradttionem
604 3517 759 3573 confirmant
771 3519 909 3586 Epiphan,
923 3519 1015 3572 Panar.
1027 3519 1130 3572 naeres
1141 3518 1185 3571 66.
1198 3529 1221 3569 n.
1233 3515 1271 3567 82

316 3617 386 3673 seq.;
406 3603 647 3672 nemorosum.
665 3607 709 3660 tl.
722 3607 884 3674 Appendtcis
896 3607 971 3675 (altas
985 3605 1046 3660 t05.
1068 3605 1104 3661 de
1124 3603 1268 3674 Tempore),
