2776 4316
241 242 250 280 t
328 255 367 301 oe
390 255 433 301 vu
455 254 667 304 rnoenssraus.
691 255 862 312 ruocessus
886 256 926 302 vr.
1040 235 1105 305 239

143 359 300 438 trectavit,
325 358 374 426 vel
399 359 517 445 quibus
551 378 631 427 usus
666 367 732 440 est3
755 378 838 446 quae
860 359 951 445 quasi
976 377 1035 444 pro
1059 377 1106 427 re·

143 466 252 552 liquiis
275 474 469 533 venerantur
492 475 524 534 et
547 485 605 552 pro
630 467 806 533 memoriali
824 475 1054 534 conservantur
1075 474 1106 534 et

142 591 204 659 pro
227 573 383 640 incentivo
418 573 559 640 continui
594 575 722 640 amoris.
755 573 900 650 Ecoutra,
924 573 1006 640 sicut
1030 573 1107 641 dicit

141 679 351 764 llieronymus
365 680 383 758 ¹,
423 680 568 747 «crebra
599 680 790 746 munuscula
825 687 856 746 et
890 679 1036 747 fasciolas
1074 688 1106 747 et

142 804 239 854 zonas
255 795 287 853 et
304 795 522 871 praegustatos
545 787 633 854 cibos
657 795 687 854 et
704 787 815 855 dulces
830 805 867 854 ac
884 803 1000 854 suaves
1022 805 1107 853 amo-

144 892 189 960 ris
213 892 334 959 litteras
358 901 487 961 sanctus
510 912 600 960 amor
624 913 686 960 non
711 894 806 960 habet
822 919 852 958 a.
870 893 971 960 Purae
995 892 1107 960 oratio·

143 1017 211 1078 nes,
235 999 468 1068 aedificatoriae
503 1001 535 1066 in
571 1001 686 1088 spiritu
722 1000 947 1069 instructiones
982 1008 1012 1067 et
1036 1000 1106 1086 piae

144 1106 175 1172 in
201 1107 386 1173 necessitate
410 1107 636 1173 subventiones
659 1115 735 1180 scrut
767 1106 962 1192 spiritualis
988 1108 1107 1174 amoris

143 1212 339 1280 fulcimenta.

235 1322 264 1386 7.
289 1321 464 1406 Septimum
482 1329 530 1388 est
546 1321 744 1388 inordinato
768 1321 994 1388 dissimulatio
1018 1321 1107 1387 vitio·

144 1445 217 1493 rum
243 1427 284 1495 ed
309 1428 454 1506 invicem,
479 1429 598 1495 scilicet
632 1429 717 1515 quod
754 1429 794 1495 ita
821 1428 958 1512 diligunt
982 1445 1016 1494 se
1040 1447 1107 1494 mu·

145 1543 212 1613 tuo,
236 1535 322 1619 quod
346 1537 440 1602 etiam
466 1536 539 1601 titia
566 1553 624 1602 sua
647 1536 784 1621 diligunt
807 1543 839 1602 el
862 1537 968 1602 lovent
999 1543 1030 1601 et
1054 1553 1107 1602 ex·

145 1649 259 1708 cusani
274 1650 305 1709 et
321 1648 425 1710 astant
441 1642 499 1709 sibi
519 1651 631 1710 mutuo
654 1653 764 1710 contre
779 1649 951 1728 arguentes
966 1650 997 1710 et
1013 1643 1108 1709 corri-

145 1757 256 1834 gentes
279 1766 326 1829 ea,
349 1749 561 1817 confoederati
585 1750 627 1817 ad
652 1751 782 1830 malum,
811 1751 893 1817 sicut
916 1749 968 1816 fur
991 1750 1107 1829 iurem,

146 1855 276 1922 adulter
299 1855 478 1922 adulteram
503 1857 605 1942 diligit
621 1856 654 1923 in
671 1857 763 1922 malo.
782 1856 981 1942 Spirituolia
997 1864 1106 1922 autem

145 1961 284 2042 dileetio,
308 1980 381 2029 cum
405 1963 512 2029 omnia
536 1963 611 2029 vitie
634 1963 819 2044 detestetur,
845 1963 1049 2047 singulariter
1066 1971 1109 2029 ta·

146 2087 219 2136 men
244 2069 312 2137 odit
334 2088 371 2137 ea
395 2072 426 2136 in
451 2070 630 2164 specialiter
654 2070 798 2149 dilectis3
823 2070 905 2136 sieut
928 2078 1019 2157 pater
1045 2087 1107 2136 ma·

145 2176 194 2261 gis
229 2175 316 2242 dolet
350 2176 560 2243 deformitatis
593 2177 750 2243 maculam
782 2177 811 2242 in
847 2176 912 2242 lilio
944 2195 1040 2263 quam
1077 2177 1108 2242 in

143 2282 261 2362 alieno,
279 2283 323 2350 sic
339 2283 424 2351 Deus
448 2285 590 2350 omnium
616 2292 744 2370 peccata
768 2284 844 2363 odit,
860 2292 892 2350 et
908 2291 1012 2350 tamen
1030 2302 1108 2370 quo-

145 2390 220 2456 dam
239 2390 335 2457 modo
351 2390 465 2458 durius
481 2391 572 2476 punit
588 2409 626 2458 ee
642 2391 673 2457 in
691 2391 849 2476 praesenti
866 2391 898 2456 in
914 2389 1025 2457 amieis
1041 2392 1109 2456 suis

146 2495 366 2582 singularibus
390 2516 486 2583 quam
512 2497 543 2563 in
566 2484 646 2576 aliis,
671 2495 752 2565 sicut
768 2499 800 2563 in
816 2497 917 2564 David
932 2498 943 2529 ²
961 2504 1107 2584 apparet,

147 2605 202 2689 qui
228 2605 415 2689 gravissime
438 2623 497 2690 pro
522 2615 650 2690 peccato
674 2623 733 2672 suo
748 2605 881 2690 punitus
896 2611 961 2684 est;
978 2603 1108 2671 secundi

147 2711 413 2779 Machabaeorum
438 2719 546 2778 sexto:
572 2712 700 2778 Etenim
735 2711 932 2778 concinere
964 2718 1111 2796 peceato·

147 2817 246 2885 ribus
270 2818 330 2886 diu
353 2839 393 2886 eac
415 2821 578 2886 sententie
601 2839 711 2906 opere,
734 2820 793 2885 aed
825 2821 939 2886 stetim
969 2818 1111 2886 ultiones

147 2923 317 3005 adlidere,
352 2927 471 3012 mopni
505 2925 653 3012 beneficii
685 2936 732 2993 eet
756 2926 940 3004 indicium
964 2924 1110 3012 Apocaly-

147 3033 233 3119 psis:
259 3035 328 3119 Ego
351 3053 433 3121 qnos
456 3052 534 3100 oneo
557 3053 669 3120 urguo
692 3040 722 3099 et
744 3031 882 3118 castigo.

222 3227 229 3262 ¹
249 3229 330 3294 Epist.
348 3229 392 3281 52.
412 3227 487 3296 (alins
506 3228 542 3298 2.)
562 3229 595 3282 ad
615 3228 748 3296 Nepotian.
769 3242 794 3280 n.
814 3227 839 3279 5.

219 3317 277 3370 2ΙΙ.
297 3317 362 3384 aeg.
384 3319 425 3383 le,
449 3317 489 3370 tl.
509 3324 535 3370 et
554 3317 596 3384 tl,
618 3319 665 3386 l3;
685 3311 780 3371 deinde
799 3319 918 3384 seqrritur
936 3317 963 3369 ll.
983 3316 1066 3369 Maon.
1085 3315 1110 3380 6,

148 3407 192 3459 l3.
211 3413 237 3460 et
255 3407 337 3473 Aper.
357 3409 381 3473 3,
401 3409 444 3460 te.
458 3435 492 3446 -
506 3407 645 3460 praedictis
663 3407 722 3461 cod.
737 3408 757 3459 ll
771 3407 889 3472 adiungit
902 3405 1110 3458 additamentum

148 3495 237 3549 adhue
256 3496 290 3548 de
308 3495 451 3549 dillerentia
471 3497 537 3549 inter
556 3509 673 3548 errrorem
694 3496 805 3561 proximi
824 3494 986 3559 spiritualem
1012 3499 1038 3548 et
1056 3509 1111 3548 car-

146 3586 243 3652 nalem,
263 3583 334 3653 quod
354 3584 566 3651 probabilisslme
584 3586 704 3650 spurium
723 3593 771 3638 est.
