2776 4316
326 269 366 316 uu
390 269 431 316 vn
456 269 667 320 euocassmus.
691 271 861 320 anocsssus
884 273 936 320 vn.
1044 258 1108 322 297

139 376 205 454 dit,
229 376 390 462 quoruodo
413 377 558 443 ordinate
583 378 680 443 verita
716 377 865 462 proterat,
889 397 928 445 ne
953 397 1009 463 per
1035 377 1112 445 indi·

139 483 313 569 sciplinam
340 501 450 568 preces
474 502 549 551 suas
575 484 652 550 viles
675 483 791 550 efficiat
814 492 845 551 et
862 485 1006 570 ingratus
1023 487 1111 572 prin-

142 591 210 676 cipi
237 597 368 676 propter
405 591 600 657 insolentiam
638 590 702 656 liat.
727 591 805 656 Cum
835 610 976 672 oramus,
1001 610 1109 660 coram

141 696 271 780 magnis
294 697 503 782 principibus
527 697 644 763 sanetis
675 697 808 781 Angelis,
833 699 918 783 apud
944 715 1107 766 summum

143 802 265 885 Regem
290 803 391 869 Deum
417 813 526 869 contra
549 804 751 870 ariversarios
785 813 911 872 nostros
939 806 1111 872 daemones

141 927 276 976 causam
303 919 444 976 nostram
463 909 680 995 proponimus,
696 911 750 996 qui
768 911 910 977 studiose
930 912 1110 990 observant,

143 1015 173 1082 si
200 1017 230 1082 in
255 1016 362 1102 aliquo
387 1035 444 1083 nos
467 1018 589 1102 possint
609 1035 771 1094 accusare,
799 1025 835 1085 ut
869 1036 965 1085 causa
1001 1028 1110 1084 nostra

146 1124 257 1190 minus
284 1124 468 1190 favorabilis
493 1123 656 1202 reddatur,
681 1132 712 1191 et
740 1124 848 1210 petitio
872 1133 980 1192 nostra
1004 1142 1108 1192 casse-

144 1237 210 1296 tur.
236 1230 273 1297 Ut
297 1238 403 1296 autem
431 1231 530 1314 inagis
553 1238 671 1296 attente
695 1248 835 1309 oremus,
860 1230 966 1315 pedes,
984 1248 1107 1309 manus,

143 1335 267 1415 oculos,
290 1354 396 1415 aurea,
421 1344 559 1403 mentem
591 1336 652 1402 sub
686 1336 872 1421 disciplinae
896 1337 1040 1402 custodia
1065 1346 1109 1403 te·

147 1460 302 1523 neamus3
323 1444 432 1528 pedes,
456 1461 495 1510 ne
531 1444 642 1510 leviter
678 1443 877 1524 discurrant;
906 1462 1041 1521 munus,
1068 1460 1106 1509 ne

148 1549 221 1616 aliis
244 1559 459 1635 occupentur;
483 1549 605 1627 oeulos,
630 1567 669 1616 ne
693 1549 819 1617 curiose
851 1557 1024 1634 vagentur;
1048 1569 1107 1616 uu·

144 1676 214 1735 res,
238 1675 278 1723 ne
302 1657 482 1724 auscultent
505 1675 587 1742 quae
611 1657 651 1724 ad
670 1675 736 1724 rem
754 1674 815 1723 non
833 1665 993 1742 spectant;
1020 1675 1110 1722 men-

147 1771 225 1841 tem,
249 1782 290 1830 ne
313 1765 428 1849 cogitet
450 1763 522 1843 alia,
546 1775 649 1850 quam·
667 1765 752 1850 quod
777 1772 848 1830 orat
872 1763 921 1830 vel
947 1763 1062 1849 psallit.

239 1873 270 1936 2.
290 1870 426 1956 ,Triplex
450 1878 557 1938 autem
581 1880 630 1938 est
653 1871 784 1937 attentio
800 1871 839 1936 ad
858 1888 905 1948 ea,
922 1889 1004 1957 quae
1025 1869 1109 1955 psal-

148 1977 248 2044 limus
279 1986 310 2044 et
340 1995 488 2044 oramus:
513 1995 577 2044 una
600 1976 827 2064 superficialis
842 1978 864 2056 ¹,
889 1997 953 2064 qua
976 1978 1109 2044 attendi·

219 2170 229 2203 ¹
249 2172 308 2225 Vat.
327 2179 353 2226 et
371 2173 413 2225 ed.
434 2173 459 2226 t.
478 2178 538 2238 post
555 2169 734 2243 superficialis
753 2174 905 2225 continuant
923 2175 976 2226 ste:
1000 2180 1111 2238 tanturn,

145 2271 175 2318 ut
194 2265 294 2318 scilicet
312 2263 435 2329 attendat,
453 2263 518 2330 quid
539 2262 614 2328 dicat,
635 2277 714 2329 quem
740 2263 870 2327 psalmum
900 2265 1002 2315 interim
1032 2265 1110 2330 dicat,

145 2354 189 2406 vel
209 2367 290 2420 quam
309 2353 479 2417 antiphonam
499 2353 542 2404 vet
562 2353 716 2405 orationem.
736 2351 845 2404 Fructus
864 2354 1012 2404 attentionis
1032 2353 1113 2405 huius

148 2450 195 2509 est,
215 2442 288 2509 quod
308 2455 359 2494 non
379 2444 482 2506 cogitur
507 2450 634 2506 repetere,
654 2454 715 2493 cum
744 2442 815 2506 sciat,
835 2456 863 2493 se
883 2441 988 2494 dixisse.
1008 2442 1056 2493 t‘ro
1075 2441 1113 2493 ta·

146 2532 214 2586 bore
232 2533 312 2584 etiam
331 2533 459 2598 corporis,
478 2545 557 2599 quem
577 2531 645 2583 bona
665 2532 807 2584 intentione
826 2531 881 2584 Deo
896 2531 996 2584 orando
1009 2529 1111 2596 obtulit,

147 2635 202 2688 quo
221 2634 250 2672 so
270 2622 341 2686 cogit
359 2622 460 2672 servire
478 2620 540 2686 Deo,
560 2619 710 2673 mercedem
729 2621 951 2686 qualemcumque
966 2621 1057 2672 merito
1070 2633 1112 2672 eu·

147 2709 286 2775 spectabit.
304 2736 340 2748 -
358 2709 413 2762 Atia
434 2711 540 2762 attentio
558 2717 596 2762 est
616 2706 748 2774 litterulis,
769 2722 823 2776 qua
842 2710 922 2760 nomo
941 2721 1048 2760 sensum
1072 2709 1113 2759 ttt-

147 2799 256 2852 ter-alem
275 2799 458 2852 tantummodo
477 2798 592 2862 attendit,
612 2799 676 2866 qnid
695 2800 809 2851 exterius
827 2798 908 2850 verba
928 2804 1028 2849 sonent.
1043 2797 1112 2850 llaec

148 2889 192 2942 dat
210 2888 334 2954 fructum,
354 2901 415 2940 cum
435 2887 534 2954 aliquid
553 2893 629 2940 sonat
647 2888 672 2938 in
692 2887 833 2952 superlicio
852 2885 987 2946 dovotum.
1014 2893 1041 2938 ut
1061 2886 1110 2940 ibi:

147 2974 357 3041 misereremei,
379 2976 523 3039 Deliacis..
543 2977 612 3027 etin
632 2975 761 3028 similibus
778 2975 849 3035 tous,
870 2975 914 3027 ubi
934 2975 1012 3028 etiam
1032 2974 1066 3026 ab
1086 2974 1113 3026 il-

148 3066 273 3128 titteratis‚
292 3066 313 3116 si
334 3069 434 3117 tantum
454 3064 535 3116 verba
564 3065 744 3128 intelligerent,
769 3064 856 3131 aliqua
882 3063 988 3117 devotio
1007 3077 1113 3128 capere·

147 3165 199 3208 tur.
219 3154 270 3207 Sed
291 3155 340 3206 illis
358 3155 448 3207 verbis
467 3157 637 3219 pertransitis,
656 3155 701 3207 utri
721 3156 865 3206 intellectus
885 3160 1000 3206 mutatur
1018 3153 1112 3207 verbo·

147 3258 219 3309 rum,
240 3252 266 3296 et
284 3243 391 3297 devotio
411 3243 564 3308 retrigescit.
583 3244 673 3310 Qualis
700 3245 769 3295 euim
795 3243 901 3297 devotio
922 3243 1062 3296 traheretur
1080 3257 1112 3295 ex

148 3333 251 3387 litterali
271 3347 350 3385 sensu
370 3333 395 3384 in
416 3334 471 3384 istis
491 3331 593 3385 verbis:
615 3330 669 3396 Qui
686 3330 784 3385 emittis
810 3329 897 3400 sontes
924 3330 955 3384 in
985 3328 1112 3386 conualli-

148 3419 199 3476 bus
217 3428 265 3474 etc.
286 3422 392 3487 (esaim.
412 3421 471 3485 l03,
495 3420 555 3489 tu),
575 3435 644 3488 quae
664 3431 749 3473 tamen
769 3423 856 3472 omnio
876 3421 912 3472 itii
931 3421 1028 3486 scripta
1051 3424 1113 3472 sunt

146 3513 219 3572 iusta
237 3525 346 3564 sensum
365 3511 536 3575 spiritualem.
554 3537 590 3550 -
610 3509 696 3562 Tertia
725 3511 830 3563 attentio
855 3518 894 3562 est
912 3507 1109 3578 intellectualis,

147 3599 257 3668 quando
276 3613 307 3652 ex
331 3600 421 3654 verbis
449 3599 613 3665 psalmodiae
641 3600 775 3666 quaeritur
802 3614 894 3653 sensus
913 3601 1065 3665 spiritualis,
1084 3603 1114 3652 ut
