2738 4316
328 249 361 296 lv
718 248 902 298 PRAEFATIO·
1009 247 1011 254 ⁴

329 355 407 405 stant.
427 351 488 405 ideo
507 353 558 406 boc
576 351 634 406 loco
653 351 769 406 breviter
787 353 914 406 iudicium
934 359 1051 407 nostrum
1065 356 1183 420 proferre
1195 361 1220 408 et
1232 369 1288 409 con·

330 439 436 494 iirmare
454 440 588 496 voluimus

401 531 420 583 i.
439 530 556 584 devoro
575 531 653 584 nnius
671 531 792 596 opusculi
811 537 934 597 auctore;

401 621 430 673 ii.
448 620 482 672 de
500 617 580 674 libelli
598 622 745 686 integritate
764 625 790 672 et
807 620 974 687 excellentia;

400 709 439 762 iii.
458 708 491 762 de
510 711 589 762 variis
607 711 691 774 ipsius
708 708 867 762 editionibus
885 717 911 764 et
929 710 1065 764 codicibus
1084 725 1149 764 msc.

570 1062 604 1118 lia
623 1079 682 1119 roro
700 1063 780 1120 buius
798 1062 914 1136 opusculi
932 1064 1046 1120 auctore.

402 1243 469 1298 inter
487 1256 589 1306 omnes,
608 1245 653 1310 qui
672 1243 705 1297 de
725 1246 775 1298 hoc
793 1233 963 1310 scripserunt,
982 1247 1034 1298 iarn
1059 1252 1168 1312 constat,
1193 1247 1288 1299 nuilam
1352 1289 1353 1312 2

331 1333 422 1400 quoad
441 1339 575 1386 auctorem
595 1333 654 1386 iibri
673 1335 852 1402 quaestionem
872 1336 967 1387 seriam
995 1349 1054 1388 esse
1081 1349 1168 1402 posse,
1196 1338 1243 1389 nisi
1262 1343 1289 1389 nt
1352 1361 1353 1395 ;

329 1422 423 1480 eiectio
441 1421 485 1476 iiat
503 1423 570 1476 inter
589 1421 657 1476 dnos
669 1423 750 1487 viros,
764 1423 861 1478 scilicet
872 1423 898 1476 S.
911 1423 1123 1476 Bonaventuram
1137 1429 1163 1477 et
1176 1423 1289 1478 Fratrem
1352 1431 1353 1434 ’

330 1511 415 1564 David
434 1511 468 1565 de
487 1512 604 1578 Augusta
625 1511 830 1566 vindelicorum.
850 1513 898 1564 Pro
918 1518 1030 1579 utroque
1050 1526 1100 1565 non
1115 1512 1210 1566 desunt
1222 1515 1290 1567 testi-

332 1603 421 1655 monia
440 1600 563 1656 codicum
582 1607 607 1654 et
626 1600 780 1655 editionum.
799 1601 890 1654 Nostra
909 1607 996 1654 tamen
1015 1607 1098 1654 aetate
1122 1604 1181 1662 iam
1200 1617 1290 1656 omnes
1352 1643 1353 1650 ,

330 1692 356 1744 in
375 1704 407 1743 eo
427 1692 594 1756 conveniunt,
610 1689 701 1742 saltem
714 1689 811 1742 librum
825 1690 971 1743 secundum
984 1698 1010 1748 et
1023 1694 1127 1744 tertium
1140 1693 1218 1744 buius
1230 1705 1291 1758 ope·

331 1781 367 1832 ris
386 1781 562 1845 compositum
581 1793 639 1832 esse
651 1793 666 1832 a
679 1779 767 1832 Fratre
781 1778 879 1845 David;
893 1778 984 1832 sodex
997 1779 1062 1832 inira
1076 1779 1195 1833 dicendis
1213 1782 1290 1833 etiam

331 1870 447 1934 primum
466 1867 563 1921 librum
582 1867 668 1922 eidem
687 1867 876 1935 assignandum
895 1881 953 1922 esse
971 1868 1117 1934 apparebit

404 1955 550 2012 Audiamus
569 1957 656 2021 primo
674 1958 781 2024 antiqua
801 1958 945 2009 testimonia
966 1955 999 2010 dc
1011 1969 1129 2025 personia
1142 1961 1167 2010 et
1179 1957 1213 2011 de
1224 1957 1291 2012 orri-

329 2042 383 2114 pit's
402 2043 498 2098 Fratris
517 2043 601 2097 David
621 2043 654 2098 de
673 2047 789 2110 Angusta
809 2043 913 2098 Ordinis
932 2044 1071 2096 idinorum.

405 2135 430 2185 in
451 2131 518 2197 libro
537 2135 635 2198 scripto
655 2134 723 2186 circa
742 2147 840 2186 annum
862 2133 939 2198 4323,
958 2135 1004 2201 qui
1017 2133 1111 2187 dicitur
1123 2131 1293 2188 Provinciae

334 2219 445 2276 Ordinis
463 2220 613 2288 Minorem,
634 2222 706 2289 quod
727 2222 814 2276 denno
832 2222 932 2276 editum
951 2230 990 2275 est
1009 2238 1023 2274 a
1038 2224 1063 2275 P.
1077 2221 1198 2276 Conrado
1210 2224 1291 2277 Euboi

330 2309 361 2364 0.
377 2313 410 2364 ii.
422 2309 451 2364 C.
464 2325 533 2365 anno
553 2311 622 2364 4832
641 2312 674 2364 ad
694 2309 783 2364 Clarae
794 2315 891 2379 aquas,
905 2311 1000 2378 legitur
1012 2325 1039 2378 p.
1052 2310 1096 2377 27,
1111 2327 1136 2364 n.
1150 2313 1199 2366 65:
1216 2317 1293 2366 ‹Au-

331 2409 432 2468 gustae
453 2400 498 2455 nbi
517 2403 627 2469 quiescit
644 2401 684 2454 Fr.
704 2400 797 2467 David,
816 2403 904 2454 socius
931 2400 1057 2468 praedicti
1084 2401 1225 2469 bertoaldi,
1250 2405 1293 2456 vir

331 2493 357 2545 in
378 2494 450 2546 omni
470 2505 574 2546 morum
595 2491 730 2557 disciplina
750 2493 949 2557 conspicuus».
965 2518 1002 2531 -
1020 2491 1118 2545 Similia
1137 2493 1231 2558 repetit
1249 2507 1293 2546 au·

333 2587 389 2636 ctor
407 2578 605 2636 Cironioorum
623 2578 719 2649 uiaiuii
735 2582 855 2650 quotuor
873 2579 1050 2636 Genmaiium
1069 2579 1202 2649 (Analecta
1215 2581 1292 2634 Fran·

331 2672 401 2736 oisc,
421 2675 439 2723 t.
460 2670 498 2722 iii.
517 2684 544 2735 p.
565 2669 626 2735 233,
645 2669 689 2722 lin.
708 2669 774 2738 33).
792 2697 829 2710 -
847 2671 919 2738 item,
944 2670 1160 2724 Bartholomaeus
1185 2671 1294 2724 Pisanus

331 2760 356 2812 in
376 2757 444 2811 iibro
464 2756 690 2826 conformitatem
708 2758 764 2824 (tib.
777 2761 796 2812 1.
809 2759 884 2814 truct.
898 2759 923 2813 8.
936 2760 979 2812 toi.
998 2759 1033 2812 62
1052 2758 1093 2827 a):
1110 2759 1162 2811 ‹in
1174 2761 1295 2826 Augusta

330 2851 397 2902 iacet
414 2848 455 2902 Fr.
476 2848 567 2914 David,
586 2850 674 2902 socius
693 2848 754 2902 dicti
772 2849 814 2902 Fr.
832 2849 972 2915 Bertuotdt,
999 2847 1041 2902 vir
1059 2849 1085 2900 in
1114 2851 1186 2901 omni
1215 2849 1295 2902 disci-

331 2937 401 3003 pline
426 2949 532 2990 morum
551 2935 790 2990 decentissimus».
810 2937 839 2990 Et
857 2936 919 2990 alibi
938 2935 1024 3004 (fruct.
1049 2937 1092 2989 it.
1116 2935 1161 2989 iol.
1180 2935 1233 2988 tte
1252 2935 1294 3004 a):

333 3028 388 3079 «in
407 3027 524 3092 augusta
544 3026 611 3078 iacet
627 3024 669 3078 Fr.
688 3025 773 3078 David
790 3032 817 3078 et
835 3025 876 3078 Fr.
889 3025 1037 3078 Tertericus
1057 3022 1079 3092 (i
1090 3024 1296 3093 Theodoricus),

329 3117 487 3181 argentinae
506 3115 630 3182 Minister,
651 3115 701 3166 viri
726 3116 868 3168 sanctitatis
895 3127 1007 3180 maguae
1034 3120 1061 3170 et
1088 3114 1296 3180 perfectionis».

329 3233 365 3248 -·
384 3205 455 3271 item,
474 3209 565 3258 aucmr
577 3202 776 3259 Chronicomtm
789 3216 991 3274 damnauerunt
1004 3203 1138 3273 (Analecta
1150 3205 1294 3270 Franciso„

330 3301 346 3348 t.
366 3297 384 3348 i.
404 3309 430 3361 n.
450 3295 522 3361 230),
541 3307 656 3362 quorum
675 3294 761 3358 prima
780 3306 843 3360 pars
861 3299 946 3348 sumta
965 3301 1005 3348 est
1022 3309 1055 3348 ex
1073 3297 1187 3364 antiquis
1199 3307 1298 3348 monu-

331 3386 434 3450 mentis,
454 3385 518 3437 naec
543 3381 638 3436 babet:
661 3382 804 3437 «Mortuus
821 3383 899 3437 etiem
918 3388 958 3438 est
975 3397 1044 3437 auno
1063 3383 1133 3438 taio
1151 3383 1296 3438 devotissi-

331 3487 392 3528 mus
410 3472 519 3540 quidam
537 3471 579 3524 Fr.
599 3470 692 3538 David,
710 3473 756 3539 qui
775 3473 929 3538 conscripsit
954 3470 1075 3528 libellum
1099 3471 1131 3528 de
1158 3472 1299 3528 rubriore

328 3564 357 3618 et
373 3560 501 3618 interiore
519 3559 627 3628 domine
644 3559 794 3616 secundum
813 3559 946 3630 imbricem
963 3563 1081 3616 statum:
1095 3558 1295 3630 incipientium,
