2742 4320
320 209 385 277 368
675 229 764 276 mnan
787 229 926 278 rnnrms.

319 334 506 416 devotionis,
530 353 626 421 quam
662 335 802 412 omnino,
837 335 1005 404 exhaustis
1029 336 1154 404 viribus
1177 344 1210 404 et
1234 339 1288 404 de

319 448 441 509 structa
463 441 581 509 virtute
605 441 753 520 naturali,
771 442 910 509 totaliter
933 460 1004 509 eam
1029 442 1167 528 perdere
1190 451 1223 512 et
1247 445 1290 511 ir-

318 547 583 634 recuperabiliter
606 567 643 614 ea
666 564 795 626 carere;
819 548 894 633 quia
925 549 970 616 sic
1005 549 1161 618 destructi
1186 569 1284 637 saepe

317 660 428 741 postea
451 655 546 722 nimis
569 654 726 740 incipiunt
749 654 876 722 sibimet
899 655 1047 741 compati,
1072 663 1104 723 et
1129 665 1165 724 nt
1188 675 1283 725 recn-

317 770 430 848 perent
455 762 539 828 uires
562 762 697 829 amissas
720 780 777 848 per
803 762 1072 842 indiscretionem,
1096 782 1159 830 non
1177 765 1284 831 solnm

317 867 495 946 delicatius,
519 869 574 935 sed
599 868 694 935 etiam
731 868 928 947 dissolutius,
952 887 1048 955 quam
1081 870 1226 955 expedit,
1251 889 1285 937 se

318 973 447 1040 habere.
477 974 647 1041 Exhaustis
678 991 816 1060 namque
852 975 984 1054 viribus,
1021 975 1163 1042 maxime
1198 976 1285 1062 capi·

318 1080 359 1146 tis
382 1087 414 1146 et
436 1081 553 1160 cordis,
577 1081 631 1147 rix
656 1082 775 1148 audent
799 1082 894 1148 etiam
930 1082 970 1147 ad
1005 1082 1151 1149 studium
1187 1083 1281 1150 dero

318 1187 412 1254 tionis
436 1206 494 1273 per
518 1206 641 1255 moram
669 1188 809 1273 aliquam
845 1189 998 1274 aspirare,
1033 1190 1109 1274 qnia
1145 1190 1281 1257 retrahit

317 1311 372 1362 eos
396 1295 546 1361 continuo
568 1295 701 1361 molesta
725 1294 883 1374 debilitas,
899 1303 931 1362 et
947 1313 1011 1381 qno
1036 1296 1138 1381 magis
1171 1297 1283 1363 volunt

318 1409 428 1469 contra
452 1400 538 1468 illam
564 1401 682 1482 conari,
706 1419 744 1468 eo
769 1403 874 1468 minus
898 1410 1041 1486 possunt.
1060 1402 1094 1468 Et
1111 1402 1184 1469 ideo
1208 1421 1283 1470 con-

318 1508 435 1575 sultius
478 1508 606 1576 videtur
650 1507 881 1575 consolationes
919 1509 1045 1576 divinas
1085 1509 1283 1577 moderatius

317 1632 483 1700 quaerere,
508 1633 580 1682 oum
606 1614 753 1682 debilitas
777 1615 920 1700 eorporis
943 1615 1078 1696 obsistit,
1102 1625 1140 1683 ut
1155 1616 1280 1684 diutur-

317 1723 390 1788 nius
413 1722 458 1789 eis
481 1721 544 1788 lrui
563 1722 684 1806 possint
698 1729 731 1788 et
746 1730 856 1789 auctas
875 1722 999 1788 valeant
1014 1722 1164 1802 tolerare,
1182 1742 1277 1808 quam

316 1830 358 1896 ad
382 1829 480 1896 breve
503 1837 631 1915 tempus
654 1830 685 1896 in
709 1828 756 1896 eis
784 1830 827 1896 ita
861 1828 1033 1897 indiscrete
1056 1829 1280 1910 delectarint

316 1943 426 2022 postea
449 1935 560 2021 surgere
584 1953 639 2003 eas
661 1943 806 2022 oporteat
828 1943 860 2002 et
883 1937 952 2002 sine
975 1953 1031 2022 spe
1066 1937 1280 2023 recuperandi

316 2041 462 2109 amittere
486 2051 617 2129 propter
640 2041 758 2108 uirium
776 2041 994 2110 delectionem.
1012 2043 1093 2112 Vase
1109 2043 1197 2111 enim
1212 2062 1281 2111 con·

316 2149 401 2230 trito,
425 2149 530 2236 liquor
554 2149 747 2229 effunditur;
765 2149 909 2216 l'salmus
922 2150 947 2216 ¹:
968 2147 1092 2235 Defecit
1107 2169 1192 2218 coro
1208 2171 1281 2217 uren

316 2263 345 2322 et
368 2274 426 2322 eor
450 2276 571 2335 metim,
595 2259 681 2342 quia,
704 2275 778 2323 cnm
803 2257 947 2342 corporis
963 2257 1067 2324 iirtus
1086 2258 1279 2324 omnimodis

252 2431 254 2436 .
317 2363 434 2444 deficit,
457 2364 551 2430 etiam
576 2362 682 2430 cordis
706 2364 796 2448 vigor
819 2383 838 2429 a
862 2364 1031 2430 devotione
1055 2364 1240 2450 languescit.

405 2473 435 2537 b.
459 2470 506 2537 Fit
529 2469 622 2536 etiam
648 2469 839 2555 plerumque
856 2470 1008 2538 studiosis
1024 2470 1214 2552 devotionis,
1229 2477 1273 2550 ut,

316 2577 394 2644 dum
420 2578 520 2662 magis
543 2584 699 2643 conantur
724 2575 842 2644 babere
866 2576 1045 2643 devotionis
1060 2576 1208 2661 gratiam,
1225 2577 1278 2643 mi·

316 2701 377 2750 nus
402 2683 548 2763 habeant,
572 2691 602 2749 et
626 2700 698 2749 cum
723 2683 945 2750 vehementius
968 2683 1098 2762 instant,
1121 2685 1277 2750 aridiores

316 2795 349 2856 et
371 2789 519 2856 duriores
542 2788 638 2856 corde
662 2788 750 2869 liant,
774 2790 857 2856 sicut
881 2790 912 2856 in
937 2788 1072 2856 summis
1101 2788 1278 2856 lestii'itati·

316 2895 377 2962 bus
400 2903 431 2963 et
455 2895 579 2962 devotis
613 2895 811 2981 temporibus
845 2893 1001 2979 passionis
1024 2893 1141 2962 Christi
1165 2903 1198 2962 et
1221 2895 1277 2960 Na-

315 3002 447 3069 tiuitatis
469 3011 501 3068 et
524 3002 692 3082 similibus,
715 3009 747 3068 et
770 3001 911 3068 maxime
935 3018 1008 3068 rum
1033 3017 1067 3067 se
1088 3001 1130 3067 ad
1154 3019 1276 3068 sacram

315 3109 571 3177 communionem
597 3109 726 3175 student
750 3107 884 3175 sollicite
908 3124 1121 3193 praeparare3
1137 3114 1169 3172 et
1187 3106 1275 3174 multi

315 3235 357 3284 ex
382 3217 442 3284 boc
466 3216 650 3300 saepissime
685 3215 826 3300 graviter
860 3214 1090 3283 contristantur
1125 3221 1156 3281 et
1180 3215 1221 3282 ad
1244 3213 1275 3279 il·
1344 3203 1345 3227 ¹

315 3325 379 3390 lam
405 3330 527 3410 partem
552 3339 593 3388 ex
618 3322 737 3388 turbati
762 3321 868 3388 cordis
899 3321 1162 3406 pusillanimitate
1187 3319 1275 3386 inter·

315 3437 494 3516 protantur,
515 3429 601 3516 quod
618 3428 698 3496 lorte
723 3427 841 3513 indigni
868 3428 931 3495 sint
957 3427 1136 3494 visitatione
1159 3425 1271 3495 diuina.

387 3554 399 3592 ²
417 3557 457 3608 es.
476 3556 520 3620 72,
538 3557 580 3608 26.
