2776 4316
311 237 376 302 268
666 255 753 302 umen
776 254 914 302 neurius.

308 365 340 424 et
364 358 475 444 primis
498 358 568 424 elus
592 358 696 438 sociis,
720 357 853 443 quinon
874 357 978 424 solum
996 375 1044 438 ea,
1060 374 1142 444 quae
1157 356 1271 423 beatus

277 510 282 519 .
308 465 399 530 Pater
422 465 468 530 eis
493 465 590 531 verbo
614 465 783 551 expressit,
808 472 954 550 prompte
970 464 1200 551 adimplebant,
1218 463 1273 530 sed

309 570 404 638 etiam
429 571 454 638 si
479 571 587 656 aliquo
611 571 726 638 indiolo
758 571 991 657 beneplacitum
1024 573 1095 640 eius
1127 577 1273 657 poterant

309 677 474 758 conticere,
498 677 731 746 studiosissime
754 677 967 763 perfecerunt,
991 679 1074 746 siout
1089 679 1131 744 ab
1146 679 1219 764 ipso
1234 677 1275 744 di·

310 785 453 851 uicerant
475 794 584 852 saneto
608 785 697 852 Putre
712 785 735 850 ¹.
751 785 811 852 llao
829 785 946 852 virtute
966 786 1147 852 lbranam¹
1170 785 1276 852 obedi·

310 891 355 958 vit
378 891 469 958 exire
493 892 533 958 de
557 901 643 959 terra
666 911 725 958 sua
741 900 772 958 et
796 893 986 977 peregrinus
1005 910 1074 960 esse
1098 893 1130 958 ln
1161 892 1275 970 aliena,
1359 959 1360 978 χ

311 999 367 1066 sed
391 1006 423 1066 et
446 1000 576 1067 unloum
613 998 721 1076 lilium¹
748 998 834 1066 lsaao
867 999 967 1066 voluit
1002 999 1179 1066 immolare.
1218 998 1276 1064 llao

313 1105 488 1192 Prophetae
510 1113 542 1172 et
565 1105 702 1192 Apostoli
727 1113 758 1172 el
781 1106 833 1171 alil
859 1105 962 1172 Sancti
987 1113 1211 1191 exposuerunt
1244 1121 1276 1172 se

312 1213 461 1279 omnibus
485 1213 659 1291 laboribus
677 1213 838 1298 periculis,
853 1213 986 1290 exsiliis,
1003 1213 1147 1298 penuriis
1163 1219 1195 1280 et
1211 1227 1276 1298 per·
1360 1273 1361 1278 ,

312 1320 528 1388 secutionilrus
551 1328 583 1386 et
607 1320 700 1385 morti
726 1337 784 1405 pro
809 1320 944 1398 Christo,
968 1320 1152 1404 dequibus
1176 1317 1277 1386 Domi·

312 1445 373 1493 nus
397 1426 575 1511 specialiter
600 1427 676 1493 dicit
693 1426 722 1492 ⁸:
748 1426 786 1494 Si
807 1427 884 1515 quis
906 1426 978 1492 uult
998 1435 1073 1512 post
1088 1445 1140 1492 me
1156 1425 1275 1502 venire,

313 1533 449 1620 abnepot
471 1534 691 1619 semetipsum.
728 1533 948 1619 Semetipsum
972 1533 1116 1619 obueput
1139 1535 1194 1620 qul
1230 1531 1276 1600 sui

313 1641 392 1707 iuris
415 1658 485 1708 esse
509 1649 636 1708 recusat
659 1648 691 1708 et
715 1649 816 1708 totum
841 1660 875 1708 se
898 1642 1031 1708 alterius
1053 1643 1190 1708 arbitrio
1205 1639 1276 1708 sule
1361 1681 1362 1688 ι

208 1807 210 1812 .
312 1747 376 1815 iioit
401 1756 530 1834 propter
554 1748 726 1827 Christum,
750 1748 832 1816 siout
855 1748 1002 1816 Christus
1024 1767 1099 1814 uon·
1115 1748 1205 1816 venit
1225 1743 1277 1831 [u-

313 1873 385 1920 oere
408 1853 608 1922 uoluntatem
631 1874 744 1934 soom,
767 1856 827 1922 sed
851 1854 969 1922 Putris
985 1855 1008 1919 ⁴.

641 2033 824 2100 Cnerrunuu
848 2033 948 2100 xtlv.

353 2213 397 2278 De
419 2211 542 2278 uirtute
563 2212 777 2298 paupertatis
799 2212 934 2300 eiusque
957 2211 1236 2278 distinctionibus.

405 2393 433 2456 l.
458 2391 665 2476 Contemptus
701 2390 885 2457 divitiarum
920 2391 1094 2475 opponitur
1127 2389 1274 2456 avaritiae

315 2514 423 2563 rerum
449 2496 693 2581 temporalium3
717 2498 795 2564 haec
815 2498 909 2564 etlam
930 2496 1123 2582 quandoque
1138 2511 1275 2582 pauper·

315 2613 367 2669 too
382 2603 526 2689 spiritus
541 2603 731 2689 appellatur.
748 2603 884 2687 Quidam
901 2577 1101 2670 eutem'sunl
1122 2615 1274 2688 pauperes

314 2709 413 2776 rebus
436 2719 554 2776 elnon
577 2709 714 2795 spiritu,
740 2710 821 2776 sicut
845 2709 899 2795 qui
937 2709 1071 2776 libenter
1095 2717 1203 2776 essent
1233 2705 1275 2773 di·

315 2817 405 2895 vites,
430 2817 484 2883 sed
511 2835 571 2882 non
597 2824 740 2902 possunt,
764 2824 801 2882 ut
821 2833 979 2900 pauperes
1003 2815 1126 2882 mundi.
1144 2816 1274 2900 Quidam

315 2931 389 2990 sunt
413 2940 572 3009 pauperes
594 2922 720 3008 spirito
744 2931 774 2988 et
797 2941 863 2988 uon
885 2922 995 3000 rebus,
1015 2931 1051 2989 ut
1073 2922 1128 3008 qui
1147 2921 1293 2990 libenter⁴

314 3038 419 3098 essent
444 3030 553 3116 inopes
577 3030 685 3108 renue,
709 3030 765 3098 sed
789 3047 852 3096 non
882 3029 1121 3113 permittuntur,
1153 3029 1209 3114 qul
1234 3027 1276 3094 dl·

315 3137 409 3206 vitias
433 3155 493 3204 non
518 3155 577 3224 pro
602 3138 743 3222 ipsarum
780 3153 891 3204 amore
923 3136 1096 3221 possident,
1130 3135 1188 3204 serl
1225 3151 1277 3222 pro

314 3263 423 3311 amore
446 3245 512 3322 Del,
537 3252 572 3311 ut
588 3243 710 3312 cultum
736 3243 790 3310 Dei
810 3261 866 3329 per
890 3259 945 3310 eas
960 3241 1155 3329 amplificent
1178 3249 1211 3310 et
1228 3242 1277 3309 de·

386 3404 393 3439 ¹
415 3405 522 3467 Bounv„
543 3404 665 3469 Legenda
685 3405 712 3456 S.
731 3403 868 3470 Franclscl‚
888 3417 911 3456 c.
930 3405 956 3455 6.

385 3491 479 3547 'Gen
500 3496 543 3560 tu,
565 3494 590 3547 l.
608 3503 634 3547 et
652 3495 694 3560 22,
716 3494 740 3546 3.
760 3507 835 3560 seqq.

386 3579 397 3612 ⁸
417 3583 504 3636 Multlr.
524 3583 567 3650 to,
587 3583 630 3635 tl.
869 3579 968 3634 ‘loun
988 3580 1013 3648 5,
1033 3580 1076 3633 30.
1094 3587 1121 3634 et
1139 3577 1165 3647 l,
1185 3577 1230 3633 et.
