2808 4318
284 251 348 318 196
641 265 732 314 nunu
754 263 893 314 rnnrrus

282 373 350 443 soie
371 372 463 442 nobis
478 372 636 459 permissa
651 378 728 440 sunt
744 371 825 439 inter
841 371 959 451 omnia,
981 370 1044 440 cito
1059 371 1145 439 diota
1161 379 1253 452 sunt,

282 480 314 549 id
330 487 389 561 est,
413 480 499 567 quod
523 478 575 546 vel
596 477 825 546 messorium
845 483 894 545 est
917 477 972 544 tibi
996 483 1054 544 aut
1075 477 1180 558 atteri,
1195 476 1252 546 rei

281 585 362 654 otilo
386 585 441 654 tibi
466 591 522 653 ant
544 584 648 653 alteri.
664 581 853 652 Necessitas
868 584 930 651 cito
953 583 1113 652 insinuata
1136 589 1186 650 est
1200 600 1252 652 sa·

281 693 398 780 pienti;
422 710 496 760 narn
520 691 606 777 apud
631 690 831 776 insipientem
853 689 942 758 nulla
957 690 1057 758 rerba
1072 687 1251 758 sufficiunt.

287 799 420 868 Utilitas
435 800 542 881 etiarn,
557 798 585 866 si
600 815 635 866 se
650 815 709 884 per
724 797 822 869 nimia
838 796 937 865 verba
952 794 1096 876 effundit,
1111 811 1252 864 onerosa

280 907 341 975 erit
364 916 396 974 et
418 905 599 984 fastidiosa3
629 905 747 972 Seneca
764 903 793 970 ¹:
823 903 921 972 «Non
945 902 1056 972 moitis
1085 919 1168 994 opus
1198 907 1253 970 est

281 1013 399 1094 verbis,
422 1012 479 1082 sed
503 1011 614 1098 paneis
636 1019 668 1080 et
683 1010 867 1078 efficacibus
882 1035 914 1091 o;
938 1008 1125 1078 Proverbia:
1151 1007 1251 1076 Siout

281 1119 364 1186 urdo
384 1127 504 1206 potens
527 1126 556 1185 et
578 1116 702 1207 absque
725 1135 906 1185 murorum
928 1115 1068 1194 ambito,
1104 1115 1156 1182 sio
1177 1115 1250 1194 vir,

280 1225 342 1315 poi
355 1243 422 1292 ooo
436 1234 541 1312 potest
556 1224 592 1292 io
609 1223 769 1313 loquendo
784 1221 935 1291 cohibere
948 1223 1109 1310 spiritum
1124 1241 1252 1302 auum,-

281 1332 453 1418 Gregorins
470 1330 507 1420 ¹?
528 1357 545 1391 α
559 1332 648 1416 Quae
664 1348 796 1399 murum
812 1330 928 1398 silentii
946 1348 1009 1397 non
1037 1329 1135 1398 habet
1158 1337 1249 1417 patet

283 1438 401 1505 inimici
418 1437 531 1505 iaculis
546 1437 658 1505 civitas
682 1438 844 1505 mentis».
868 1437 919 1505 Sin
941 1445 1057 1505 cautus
1079 1445 1112 1504 et
1127 1453 1248 1522 pareus

280 1545 320 1612 sit
344 1544 439 1611 homo
455 1544 486 1611 in
505 1543 621 1626 verbis,
636 1544 720 1613 siout
735 1562 854 1612 avarus
870 1544 901 1612 in
918 1545 1060 1612 nummis
1074 1544 1153 1626 suis,
1170 1545 1249 1632 qnia

280 1651 389 1729 rerba,
420 1651 539 1737 quihus
570 1667 734 1718 meremur
765 1649 899 1737 gloriam
931 1650 1022 1730 caeli,
1055 1649 1248 1736 pretiosiora

281 1765 356 1824 sunt
372 1757 457 1824 omni
476 1757 645 1836 thesauro;
656 1757 841 1832 .P‚rorerbia
854 1757 882 1823 ⁸:
914 1754 1109 1824 Tnooorro
1124 1755 1249 1824 deside

281 1863 404 1932 rubilia
426 1863 603 1953 requiescit
625 1863 662 1929 io
684 1882 742 1930 ore
763 1863 936 1950 sapientis.
952 1868 1075 1932 Avarus
1090 1862 1249 1951 pecuum

280 1978 313 2039 et
335 1987 453 2057 pareus
476 1971 635 2057 profunde
657 1979 690 2038 et
713 1970 745 2037 in
769 1970 878 2038 abdito
912 1969 1057 2039 recondit
1083 1987 1155 2037 earn
1185 1985 1248 2038 neo

280 2077 400 2165 profert
423 2095 495 2147 eam
530 2077 695 2164 largiendo
726 2077 786 2146 nisi
809 2095 868 2166 pro
899 2077 1026 2163 urgenti
1057 2077 1248 2145 nenessitato

279 2184 331 2252 rei
355 2184 492 2252 utilitate
515 2201 584 2266 sua,
607 2192 640 2252 et
662 2191 763 2264 uarat,
787 2201 827 2252 ne
850 2183 901 2252 rei
924 2183 1056 2252 obolum
1080 2181 1248 2270 superfluo

279 2290 432 2372 effundat,
449 2310 548 2378 supra
563 2308 660 2378 quam
678 2309 807 2360 necesse
822 2291 873 2360 sit
889 2291 940 2360 Sio
955 2292 1050 2360 etiarn
1068 2289 1248 2377 Religiosus

279 2399 387 2468 cordis
410 2399 460 2467 sui
486 2399 676 2467 thesaurum
699 2398 875 2466 abscondat
907 2415 982 2466 raro
1012 2397 1183 2485 loquendo,
1212 2405 1248 2465 et

280 2507 338 2575 nisi
364 2525 424 2594 pro
446 2505 626 2574 necessaria
649 2523 747 2573 rausa
768 2505 821 2573 rel
844 2503 913 2573 utili
930 2522 966 2572 os
980 2503 1022 2572 ad
1046 2503 1247 2591 loquendum

278 2615 411 2700 aperiat,
435 2621 467 2680 et
489 2613 575 2700 quod
599 2630 674 2682 oum
698 2611 906 2700 paucioribus
928 2611 1036 2680 verbis
1059 2617 1163 2698 potest
1185 2627 1247 2678 ex·

278 2719 399 2806 pedire,
430 2727 526 2807 prout
556 2717 683 2799 sufficit,
714 2720 754 2788 ad
779 2720 840 2788 hoo
870 2720 966 2806 plura
988 2716 1153 2806 superflue
1180 2735 1247 2786 non

280 2825 433 2894 effundat.
719 2829 722 2834 '

366 2933 398 3000 t.
411 2923 622 3019 Quadruplex
635 2938 743 3000 autem
756 2931 875 3000 bonnm
889 2931 917 3000 ei
931 2948 972 3000 ex
986 2931 1047 3000 hoo
1062 2930 1246 3019 proveniet:

278 3039 354 3125 quia
376 3038 500 3107 carebit
516 3043 682 3124 peecatum
699 3037 891 3126 multiloquii
907 3037 959 3107 rel
983 3037 1176 3124 vanitoquio
1197 3037 1248 3104 in-

280 3145 426 3214 tellectus
449 3148 520 3214 eins
543 3145 678 3214 interius
703 3145 804 3232 magis
827 3143 1077 3232 profundabitor
1091 3152 1124 3211 et
1147 3142 1248 3212 subii·

278 3251 429 3334 mabitur,
453 3252 535 3321 siout
558 3269 642 3338 aqua
657 3252 818 3331 conclusa,
835 3268 928 3339 qnae,
952 3251 1030 3320 dnm
1047 3267 1110 3318 non
1127 3249 1249 3320 habeat

348 3409 358 3443 ¹
379 3412 457 3478 Epist
477 3412 521 3466 38.
540 3411 639 3466 Deinde
657 3413 777 3480 sequitur
796 3411 874 3465 Prov.
892 3410 936 3480 25,
956 3411 1000 3466 28.

347 3499 359 3535 ²
379 3500 454 3554 Locis
472 3502 534 3569 citt,
553 3499 601 3554 sed
620 3500 709 3554 Nerei.
729 3515 754 3555 n.
773 3499 816 3554 59.

349 3586 444 3656 ⁸Gop.
463 3591 507 3657 2⁴,
528 3591 572 3644 20.
590 3596 617 3645 et
636 3590 678 3658 rt,
697 3591 741 3644 36.
