2742 4320
298 228 363 296 3⁶28
651 248 741 296 ursan
764 247 904 296 marius.

296 350 378 418 tione
404 350 439 418 in
463 360 637 439 conspeetu
662 361 729 432 tao,
754 352 904 432 Domine,
940 351 1151 432 obsecrant
1180 367 1253 438 qru

296 457 408 524 otiaris
442 457 613 525 nobiseum
653 469 683 526 et
717 457 861 545 auferas
895 457 1088 546 iniquitates
1124 465 1254 524 nostros

294 569 394 650 utque
424 572 563 649 pennata
597 583 721 653 nosqar
751 563 936 650 possideas.
970 564 1065 632 ltem:
1104 561 1254 639 Obsecro,

296 668 445 750 Domine,
466 672 616 756 precavit
628 671 774 758 populns
791 679 870 738 tuas
884 677 1059 756 pennatam
1074 685 1255 756 maqnan·

295 785 358 843 ont
380 777 506 844 dimitte
529 779 576 846 eis
599 776 687 846 liano
710 797 846 857 nonam,
868 786 942 856 aut,
965 778 999 844 si
1013 797 1080 844 non
1103 775 1255 852 dimittit,

296 883 364 951 dele
386 903 437 951 nre
461 886 500 952 de
523 884 608 952 lilrro
632 895 701 964 tao,
725 904 821 973 qiam
843 884 1022 970 scripsisti.
1048 885 1162 970 Magna
1178 881 1255 950 fidu-

295 993 343 1062 cia
367 991 505 1059 homiuis
528 991 582 1058 Dei
607 992 648 1058 ad
672 991 792 1058 Deam!
817 991 883 1058 Nou
900 996 1002 1076 rogat,
1026 1008 1061 1059 se
1083 989 1187 1058 deleri
1220 988 1256 1056 da
1351 1018 1352 1041 κ

296 1099 377 1168 libro
401 1098 467 1179 Del,
490 1099 545 1166 sed
570 1115 608 1164 ee
631 1097 759 1176 fiducia,
783 1116 848 1184 qua
870 1098 1108 1183 praesumtae
1125 1115 1190 1164 nun
1211 1095 1258 1162 de

295 1205 426 1274 leudurn
451 1204 597 1295 dellibru
622 1205 715 1282 vitae„
738 1223 775 1272 ea
799 1203 888 1291 petit,
912 1210 1079 1290 metatum
1104 1203 1186 1272 illud
1215 1219 1256 1268 re

297 1315 390 1393 mitti,
413 1330 475 1380 nou
499 1312 660 1390 dubilauS,
684 1331 718 1380 se
734 1312 995 1391 exaudiendum
1017 1312 1104 1379 unde
1128 1308 1255 1395 etquoll

297 1419 387 1505 petiit
410 1419 601 1504 impetravit.
701 1445 703 1452 ·

634 1630 818 1698 Carrruuun
842 1617 915 1698 lix.

400 1845 555 1936 Hortotio
578 1846 626 1912 ad
648 1844 833 1912 orationem
860 1843 1155 1931 frequentandam.

387 2063 415 2126 ·l.
442 2059 540 2128 Valde
562 2065 669 2127 autem
695 2059 780 2127 Deos
803 2058 981 2126 delectatur
998 2059 1030 2126 in
1047 2058 1125 2138 -hoe,
1141 2063 1178 2125 ut
1195 2050 1253 2142 fre

295 2175 429 2256 quenter
440 2175 551 2234 oretur
567 2172 697 2252 propter
715 2165 924 2251 multiplicem
937 2165 1058 2232 orantis
1072 2164 1251 2251 proiectum,

294 2274 348 2361 qui
372 2280 430 2353 est,
454 2280 490 2340 ut
517 2273 580 2338 Deo
597 2272 811 2339 indesinenter
827 2269 1013 2350 induerent,
1030 2271 1118 2359 quod
1133 2281 1251 2339 summe

295 2387 344 2449 est
367 2379 486 2447 homini
512 2379 590 2448 utile
614 2380 695 2448 iuter
727 2380 843 2459 omnia,
876 2381 968 2446 iuxta
991 2378 1070 2446 illud
1091 2377 1119 2444 ¹:
1146 2373 1250 2446 Maria

298 2488 459 2574 optineam
479 2495 612 2573 purtem
637 2485 751 2573 eleqit,·
774 2487 861 2566 item,
878 2492 915 2553 ut
930 2484 1088 2570 ienefiria
1106 2485 1167 2554 Dei
1181 2478 1252 2551 mul·

297 2595 437 2681 tipliulus
461 2595 649 2680 expellatur
672 2608 730 2680 per
755 2594 930 2660 multarum
964 2610 1096 2679 precum
1130 2585 1251 2660 exaud

296 2702 414 2778 tiones;
439 2700 525 2780 item,
550 2708 586 2766 ut
613 2699 837 2767 abundantiori
868 2699 984 2768 alleotu
1015 2698 1193 2767 devotionis
1223 2695 1250 2759 iu

295 2823 438 2873 amorem
463 2807 517 2872 Dei
543 2814 718 2874 excrescat.
743 2807 816 2874 ldeo
839 2806 975 2891 benigne
999 2804 1148 2890 providet
1170 2799 1252 2870 nobit

294 2913 405 2999 plures
427 2912 614 2981 obsecrandi
639 2914 831 2993 occasiones,
859 2912 978 3000 quibos
1011 2910 1052 2979 ad
1083 2910 1249 2978 orationem

297 3019 424 3104 saepius
448 3020 654 3087 stimulemur
677 3019 744 3087 sive
768 3037 826 3106 pro
858 3018 949 3086 nobis
980 3018 1069 3104 ipsis,
1099 3019 1168 3084 sive
1202 3028 1251 3102 uro

295 3125 366 3194 aliis
389 3126 521 3204 orando,
544 3134 601 3194 aul
624 3144 683 3212 pru
708 3126 800 3194 malls
823 3123 1007 3202 evadendis,
1023 3131 1081 3191 aut
1101 3123 1193 3192 bouis
1212 3135 1252 3190 ts

295 3234 476 3319 sequendis,
501 3243 547 3313 ut,
576 3253 648 3302 oum
685 3233 818 3301 alieuius
842 3231 1019 3300 devotionis
1053 3230 1186 3316 tepescit
1216 3223 1251 3296 ad

296 3359 408 3420 unum,
426 3341 456 3408 lu
473 3341 536 3407 aliu
552 3341 735 3421 recalescat,
752 3341 834 3408 siout
858 3338 940 3426 iguis
957 3337 1156 3406 subiicieudo
1178 3335 1252 3422 liqut

295 3449 447 3535 quotidie,
478 3466 518 3515 ne
550 3447 686 3527 deficiat,
718 3455 936 3527 restauratur;
961 3445 1088 3514 levitici
1124 3441 1251 3514 sexto':

368 3570 377 3601 ¹
396 3575 459 3627 Luc.
479 3574 521 3640 ll),
542 3572 585 3626 te.
847 3571 859 3608 ¹
879 3573 955 3626 Vere.
974 3571 1018 3626 te.
