2742 4320
289 287 330 334 nn
353 287 396 334 vu
419 285 631 336 rnocrssrsus.
655 287 826 336 rnocussus
849 287 901 333 vn.
1013 265 1077 332 377

118 391 246 459 Christi.
263 391 430 460 llumilitas
445 393 540 460 etiam
558 411 619 460 nun
638 400 686 460 est
708 407 939 479 usquequaque
956 407 1079 469 secura,

117 505 249 586 propter
273 517 368 585 quam
393 500 447 566 diu
473 518 507 568 se
530 499 701 580 subtrahit,
725 499 810 586 quia,
834 499 916 566 sicut
946 513 1007 564 non
1031 503 1080 564 est

91 611 98 620 “
120 605 236 692 dignus
260 623 354 692 saepe
377 625 495 694 corpus
518 607 635 676 Christi
659 606 834 694 percipere,
870 606 913 672 ita
941 622 998 673 nec
1030 621 1079 672 se·

120 713 193 781 mel.
216 713 289 780 ldeo
312 731 384 780 eum
406 731 468 781 non
486 714 668 800 recipimus,
684 716 775 801 quasi
791 714 846 801 qui
863 713 949 798 digni
966 713 1076 790 simus,

120 820 176 887 sed
200 828 246 900 ut,
270 820 324 887 illo
341 839 397 889 nos
419 838 514 908 saepe
530 821 676 888 visitante
691 828 723 888 et
741 820 957 888 babitaculum
974 816 1080 916 cordis¹

119 933 153 992 et
168 926 310 1012 corporis
333 928 432 994 nostri
457 927 667 1007 subintrante,
691 927 792 1014 magis
814 944 851 993 ac
876 922 1078 1010 magisdigni

119 1029 308 1099 efficiamur.
330 1034 399 1118 Quo
423 1033 507 1101 enim
531 1034 689 1101 introierit
709 1033 872 1105 benedicet
889 1033 982 1112 Deus
998 1030 1080 1097 sicut

118 1138 195 1204 olim
218 1139 328 1206 domui
345 1138 527 1207 Obededom
555 1139 720 1208 benedixit
742 1145 872 1224 propter
895 1153 1001 1205 arcam
1022 1135 1080 1200 Do-

118 1245 208 1326 mini‚
223 1245 254 1312 in
267 1264 331 1332 qua
348 1263 463 1313 manna
479 1247 685 1326 serrabatur3
702 1255 832 1331 propter
844 1245 903 1312 boc
916 1243 1016 1310 David
1031 1262 1080 1310 vo·

119 1351 181 1420 luit
192 1370 261 1420 eam
275 1335 430 1420 reducere
446 1370 518 1421 cum
537 1352 791 1429 benedictione¹;
808 1352 983 1438 Sapientiae
999 1358 1080 1416 octa-

118 1459 196 1525 vo':
225 1459 397 1545 Proposue'
426 1457 513 1526 bunc
543 1459 711 1526 adducere
737 1457 821 1526 mitt
842 1459 889 1526 ud
911 1457 1077 1524 conviven-

120 1566 215 1645 dum,
238 1566 357 1646 sciens,
373 1566 533 1655 quonium
557 1565 817 1634 communicabit
833 1583 960 1632 mecum
973 1564 1011 1630 de
1027 1563 1076 1630 bo-

117 1673 175 1740 uis
189 1674 271 1740 sues.
284 1675 372 1760 Quae
389 1674 470 1741 buna
483 1681 657 1760 praetereo,
674 1675 749 1760 quia
773 1674 803 1740 in
828 1672 995 1759 scripturis
1011 1671 1075 1757 plu·

120 1780 212 1848 ribus
236 1781 442 1849 inveniuntur
457 1782 478 1846 ³.

211 1889 242 1954 t.
266 1888 407 1956 Diversis
429 1897 536 1956 autem
560 1887 779 1956 affectionibus
803 1896 834 1955 et
854 1886 1079 1955 intentionibus
1127 1939 1135 1964 .

119 1993 239 2062 diversi
264 1995 304 2062 ad
329 1996 628 2064 communicandum
653 1997 827 2064 trabuntur
851 1995 900 2063 vel
918 1994 1080 2061 celebran-

119 2101 210 2169 dum.
233 2137 277 2148 —-
300 2103 426 2188 Aliquos
450 2103 548 2170 trahit
571 2120 660 2170 amor
678 2103 744 2183 Dei,
762 2111 797 2169 ut
813 2101 963 2168 dilectum
987 2100 1079 2169 adse

119 2209 249 2295 saepius
273 2209 405 2276 inritent
428 2226 567 2295 eumque
591 2209 622 2276 in
647 2209 825 2296 semetipsis
851 2207 1080 2275 delectabiliter

119 2316 358 2402 amplexentur.
384 2353 425 2365 -
450 2316 577 2402 Aliquos
601 2315 792 2384 infirmitatis
816 2316 964 2402 propriae
989 2316 1080 2382 intui·

119 2431 183 2503 tus,
207 2432 243 2491 ut
266 2441 340 2492 eum
364 2423 454 2510 quasi
480 2423 639 2491 medicum
660 2422 699 2490 ad
722 2440 756 2490 se
774 2430 894 2501 vocent,
911 2439 1079 2508 perquem

119 2529 162 2596 ab
184 2530 269 2596 omni
294 2529 478 2597 infirmitate
494 2537 657 2597 curentur.
676 2566 717 2578 -
738 2529 867 2614 dliquos
890 2527 1081 2595 conscientia

120 2633 310 2702 delictorum
335 2651 478 2714 suorum,
503 2643 539 2701 ut
562 2652 619 2721 per
642 2650 716 2702 eum
740 2634 831 2720 quasi
857 2651 913 2719 per
944 2633 1079 2720 hostiam

120 2737 307 2825 placationis
330 2739 371 2806 ab
394 2740 543 2808 omnibus
567 2740 703 2826 peccatis
738 2739 857 2825 expiati
889 2745 1076 2825 purgentur.

121 2881 161 2894 -—
188 2846 315 2931 sliquos
339 2864 492 2932 pressura
526 2846 662 2914 alicuius
694 2845 917 2926 tribulationis,
951 2854 988 2912 ut
1022 2861 1080 2932 per

192 3021 202 3053 ¹
222 3025 251 3076 tt.
268 3023 334 3090 Reg.
353 3025 378 3088 6,
399 3025 426 3076 tt
451 3039 525 3092 seqq.
674 3025 685 3059 ²
705 3024 780 3078 Vers.
800 3026 827 3077 9.

194 3110 270 3166 'Ed
290 3115 325 3180 2,
343 3115 448 3166 omissis
467 3113 556 3167 verbis
570 3112 646 3180 Quae
666 3111 736 3168 bona
754 3120 813 3177 etc„
825 3113 897 3167 addit
910 3113 958 3165 bos
971 3124 1079 3166 versus:

228 3256 380 3322 inflammat,
399 3261 535 3324 memorat,
554 3262 689 3322 sustentat,
708 3255 823 3320 roborat,
843 3261 923 3321 auget

226 3346 325 3410 Hostia,
343 3359 418 3410 spem
438 3352 543 3414 purgat,
563 3346 655 3413 reiicit,
676 3348 760 3398 vltam'
777 3345 822 3398 dat
839 3353 865 3399 et
884 3346 952 3410 unit;

227 3434 423 3501 Condi-malque
442 3434 531 3501 iidem,
550 3437 635 3488 munit
653 3437 824 3501 fomitemque
842 3435 957 3488 remittit.

228 3525 298 3589 Quot
316 3525 404 3578 stellae
423 3527 448 3576 in
468 3525 541 3578 caelo
559 3525 602 3577 vel
621 3530 711 3590 guttae
729 3526 754 3576 in
775 3523 882 3576 flumine
901 3524 986 3588 tontis,

228 3611 279 3665 'lot
296 3619 457 3668 sacramenta
479 3614 514 3666 tul
533 3614 635 3678 reperis
654 3613 679 3665 in
700 3625 812 3678 corpore
830 3609 934 3666 Christi.
