2776 4316
329 268 369 314 ou
392 267 436 313 vu
459 267 673 319 rnocusstsus.
697 265 869 316 concussus
893 269 944 315 vu.
1052 251 1116 316 299

151 393 254 460 cuper
270 373 334 439 mel
349 382 378 439 et
393 371 513 459 fevum
527 399 558 438 n.
576 373 680 440 Verba
696 391 806 440 sacrae
822 373 1006 458 Scripturas
1032 373 1118 440 intus

153 490 228 548 sunt
261 481 354 564 plena
384 481 552 558 suavitate,
577 481 648 547 ideo
683 480 773 566 quasi
806 479 907 546 ubera
943 482 1117 566 premenda

153 596 238 665 snnt,
262 588 366 654 idest
391 606 447 673 per
470 587 687 661 attentionem,
711 595 742 652 et
765 589 977 673 exprimenda
993 597 1042 654 est
1058 588 1118 672 spi·

152 693 278 760 ritualis
302 693 440 760 dulcedo
464 694 554 779 quasi
580 692 740 777 pinguedo
759 692 882 776 butyri;
901 692 1072 760 Proverbia
1087 693 1115 758 ¹:

154 799 222 883 Qui
243 797 378 886 sortiter
400 799 524 884 premit
554 799 659 866 ubero
692 800 739 865 ud
767 799 965 866 eliciendum
989 799 1042 866 lac
1066 819 1117 865 cu-

147 905 273 993 pcimet
297 905 623 994 deliramentum
648 905 793 974 litteralis
817 925 940 987 seusus,
958 925 1022 993 quo
1047 907 1117 994 par»

153 1013 218 1080 vuli
243 1013 386 1092 aluntur,
410 1020 446 1079 ul
469 1021 613 1080 crescant
636 1012 677 1079 ad
702 1011 818 1100 butyri
842 1014 1049 1080 maturiorem
1075 1008 1117 1080 ci·

150 1120 229 1188 bum
262 1139 339 1187 cnm
370 1119 462 1186 melle
492 1120 739 1199 comedendum,
769 1121 801 1186 id
834 1129 881 1188 est
914 1121 1113 1188 intellectum

151 1227 353 1313 spiritualem
378 1245 452 1294 cum
477 1243 590 1312 sapore
615 1225 795 1300 dulcedinis
828 1228 858 1294 in
883 1227 998 1294 affectu
1024 1227 1117 1293 deuo·

151 1333 247 1400 lionis
271 1333 476 1418 gustandum.
493 1333 553 1418 Qui
571 1333 669 1399 verba
685 1332 837 1400 orationis
855 1333 903 1399 rel
921 1332 1117 1418 psalmodiae

151 1439 219 1506 sine
244 1441 417 1507 attentione
441 1440 552 1506 recitat
579 1441 669 1525 quasi
704 1441 759 1525 qui
784 1440 925 1506 fructum
951 1457 1025 1506 cum
1049 1455 1117 1505 cor·

150 1546 222 1626 tice,
247 1563 342 1612 uvam
368 1564 441 1612 cum
459 1546 543 1625 lolle,
561 1547 622 1612 mel
639 1565 713 1612 cum
731 1564 805 1614 cera
828 1565 890 1612 non
914 1546 1116 1612 masticatum

150 1654 306 1738 deglutit;
319 1653 405 1720 unde
422 1660 533 1720 venter
549 1662 711 1733 oneratur,
724 1663 756 1720 et
768 1662 880 1738 guttur
893 1653 1114 1738 strangulatur

149 1777 209 1827 neo
234 1759 386 1826 reficitur.
411 1760 461 1826 Sic
484 1767 515 1826 et
539 1777 596 1826 nos
620 1777 693 1827 cum
720 1779 780 1826 non
797 1768 915 1826 attente
938 1759 1116 1844 psallimus,

149 1866 342 1934 conscientia
365 1865 456 1952 quasi
482 1865 588 1932 inflata
613 1874 842 1944 remurmurat,
859 1873 890 1932 et
911 1883 1003 1932 mens
1024 1865 1116 1932 arida

150 1972 278 2039 fastidio
302 1972 532 2056 strangulatur,
556 1989 613 2038 nec
645 1971 777 2039 allectus
808 1971 960 2057 pascitur,
985 1989 1042 2038 neo
1067 1971 1115 2037 in·

153 2079 301 2148 tellectus
324 2079 511 2146 delectatur.

242 2189 272 2252 5.
297 2186 400 2252 Prima
423 2187 553 2253 attentio
577 2185 661 2252 cibat
684 2186 774 2271 quasi
798 2185 924 2252 lurlure
949 2204 1060 2271 grosso
1084 2193 1116 2253 et

151 2293 308 2378 insipid03
333 2295 425 2360 tertia
449 2294 540 2380 quasi
566 2294 707 2360 medulla
737 2293 860 2360 similae
896 2294 1017 2374 subtili,
1042 2312 1115 2359 can-

150 2400 237 2480 dida,
262 2418 436 2487 saporosa3
461 2401 565 2467 media
589 2401 739 2486 utrinque
763 2401 956 2477 commixto;
973 2399 1116 2466 furfures

152 2507 273 2576 dantur
297 2507 500 2585 animalibus,
535 2507 625 2592 panis
656 2508 833 2574 cribrarius
861 2507 974 2584 servis,
1009 2506 1113 2572 simila

150 2615 235 2683 liliis.
253 2613 296 2682 Ne
321 2623 424 2681 tamen
442 2614 570 2680 omnino
586 2613 746 2680 frauderis
761 2615 912 2681 alimento
928 2613 1112 2680 caelestium

149 2721 359 2799 serculorum,
382 2721 407 2788 si
433 2739 494 2786 non
520 2721 607 2788 vales
630 2721 778 2787 continue
803 2721 944 2786 intentus
967 2737 1037 2786 esse
1055 2719 1115 2798 liis,

149 2846 236 2915 quae
261 2827 380 2913 psallis,
401 2827 513 2894 saltem
538 2827 736 2912 interpolate,
751 2835 784 2893 et
799 2833 918 2912 qttartto
934 2824 1063 2910 saepius
1079 2843 1116 2891 ao

149 2935 274 3001 diutius
288 2932 461 3018 praevales,
473 2933 611 3012 attende,
624 2933 707 3000 sicut
718 2932 801 2999 servi
816 2949 923 2998 coram
943 2948 1051 2998 mensa
1064 2931 1117 2998 do-

150 3043 312 3108 minorum
337 3039 566 3119 discurrentes,
582 3041 606 3106 si
632 3058 696 3105 non
713 3046 846 3124 possunt
861 3039 968 3124 quiete
984 3039 1071 3124 pasci
1084 3045 1116 3106 et

149 3147 274 3234 epulari
293 3147 374 3214 sicut
390 3147 520 3240 domiui,
538 3156 643 3212 tamen
661 3147 775 3231 raptim
793 3146 961 3232 aliquoties
989 3147 1114 3233 aliquos

149 3253 319 3322 morsellus
342 3255 389 3319 ori
415 3272 473 3321 suo
499 3255 657 3339 ingerunt,
674 3271 713 3320 ne
730 3255 860 3321 omnino
882 3263 1032 3321 maneant
1053 3254 1115 3320 ina-

150 3381 217 3430 nes.
236 3363 319 3447 Quot
335 3362 419 3428 enim
438 3361 549 3444 psalmi
567 3362 656 3448 quasi
675 3368 720 3427 tot
736 3361 858 3429 fercula
873 3359 1040 3428 orantibus
1063 3378 1115 3446 ap

149 3477 325 3557 ponuntur.
342 3503 387 3518 -
403 3469 458 3535 llla
473 3476 581 3535 antem
598 3469 713 3536 mentis
729 3469 874 3554 evagatio
889 3477 945 3536 aut
970 3467 1117 3554 provenit

220 3591 229 3623 ¹
253 3592 316 3657 ean.
336 3593 380 3658 30,
400 3594 442 3646 33.
462 3599 488 3645 el
506 3593 565 3646 dein
585 3591 658 3646 Cant.
677 3593 703 3658 d,
723 3593 748 3646 l.
800 3637 816 3644 .,
