2738 4316
278 267 320 314 66
343 266 569 318 666666666666
591 269 721 318 666666
744 267 935 318 6666666666.
1048 250 1087 314 15

115 391 234 460 quam,
257 391 333 440 cnm
357 373 398 441 de
421 374 508 440 caelo
537 374 743 455 descendens,
775 381 921 442 naturam
955 373 1087 440 hurnani

114 482 252 566 generis
274 482 436 560 assumsit,
453 480 555 549 lactus
578 482 683 547 nomo.
710 480 746 547 Et
762 481 832 548 ideo
849 480 977 567 reliquit
998 479 1089 546 nobis

115 586 153 651 in
176 587 235 653 troc
252 586 437 653 memoriale
454 587 550 654 totius
566 586 743 654 dilectionis
759 605 836 654 snae
852 594 883 654 66
899 587 989 672 quasi
1006 604 1089 654 cem·

114 693 242 779 pendio
276 693 419 759 omnium
456 693 681 761 beneficiorum
714 711 847 762 suorum
880 695 1085 761 memoriam:

115 799 361 879 incarnationis,
374 799 612 884 redemptionis,
626 799 878 879 resurrectionis,
890 799 1089 886 glorificatio·

114 907 187 986 nis,
210 905 450 986 iustificationis,
467 914 562 993 elque
584 907 759 974 eorundem
780 907 916 992 figmam
942 907 1087 986 inclusit;

115 1014 210 1080 sicut
233 1021 319 1099 patet
341 1014 401 1092 his,
425 1014 480 1098 qui
504 1013 672 1099 diligenter
696 1015 897 1082 considerant
920 1015 1018 1083 huius
1038 1016 1088 1082 Sa·

115 1120 280 1188 eramenti
313 1120 552 1197 institutionem,
584 1120 828 1188 celebrationem
860 1129 892 1188 66
923 1123 1088 1208 participa·

115 1226 219 1293 tionis
243 1226 393 1292 fructum.
412 1226 498 1294 Unde
515 1226 645 1294 salubre
661 1236 709 1294 est
737 1245 831 1314 saepe
852 1228 1088 1295 communicare

115 1334 161 1413 ei,
189 1328 242 1419 6611
268 1351 341 1400 cum
365 1334 924 1401 (1666616666666661166166666666
944 1335 1088 1403 custodia

115 1441 173 1506 sni
201 1459 261 1506 non
287 1441 390 1507 solum
414 1459 433 1506 a
457 1441 581 1524 magnis
604 1442 751 1527 peccatis
775 1419 951 1508 seo'etiam
972 1459 991 1507 a
1015 1442 1089 1508 levi·

117 1546 246 1614 tatibus
271 1547 455 1626 verborum,
478 1564 611 1633 operum
636 1554 669 1614 et
691 1547 915 1632 cogitationum
941 1565 975 1613 se
995 1547 1089 1614 aeso-

117 1660 181 1720 net
204 1659 235 1720 et
258 1650 365 1720 studet
388 1651 428 1718 ad
452 1653 513 1719 hoo
548 1669 582 1720 se
606 1659 726 1738 aptare.
763 1654 847 1720 Licet
881 1654 964 1720 enim
1001 1655 1087 1719 omni

116 1770 269 1845 ternpore
293 1759 468 1828 debeamus
491 1777 561 1827 esse
597 1759 721 1828 solliciti
743 1761 793 1827 'de
816 1759 975 1840 omnious,
1005 1777 1087 1846 quae

116 1868 207 1934 hona
231 1876 317 1947 sunt,
341 1875 446 1933 tamen
470 1867 611 1933 maxime
635 1868 790 1945 convenit,
814 1885 887 1934 cum
912 1866 952 1932 ad
984 1884 1088 1933 susce·

117 1973 264 2061 ptionom
289 1973 431 2058 corporis
463 1973 578 2040 Christi
612 1991 669 2040 nos
705 1991 933 2060 praeparamus
959 1974 1005 2041 661
1038 1991 1088 2040 su·

117 2087 269 2165 sceptum
296 2079 461 2147 nobiscum
487 2081 653 2147 hebemus.

463 2311 657 2378 'Contentum
683 2311 731 2376 Xl.

187 2506 236 2571 De
260 2504 440 2590 discipline
464 2506 558 2572 circo
581 2503 820 2592 confessionem
843 2506 1022 2574 seruando.

212 2719 313 2801 Saepe
337 2717 498 2797 confitere,
521 2717 561 2784 ad
587 2718 693 2785 minos
716 2728 765 2785 ter
790 2717 820 2785 in
839 2719 1040 2786 hebdomada
1057 2728 1088 2786 66

116 2823 310 2909 simpliciter
343 2825 425 2890 sicut
460 2824 585 2909 angelo,
613 2826 668 2910 qui
704 2826 799 2892 sciret
830 2833 952 2893 secreta
983 2825 1088 2892 cordis

115 2931 178 2998 tui.
204 2930 272 2996 Non
296 2930 438 2998 adducas
462 2933 604 2999 velamen
640 2933 856 3000 excusationis
878 2933 928 3000 vel
963 2932 1088 3000 allevia·

118 3035 227 3115 tionis,
253 3053 310 3103 nec
335 3036 479 3122 implices
503 3049 544 3117 te,
568 3039 609 3105 ita
645 3039 730 3124 quod
755 3039 916 3106 confessor
947 3057 1009 3104 non
1045 3038 1088 3104 16-

118 3142 254 3228 telligat,
270 3142 346 3228 quid
369 3143 467 3210 dieas.
483 3144 634 3230 Specilica
650 3146 689 3223 61,
706 3145 781 3231 quid
800 3145 922 3224 leceris,
939 3145 1088 3212 historias

119 3258 229 3316 autern
255 3260 287 3317 et
310 3251 392 3317 iacta
416 3251 550 3318 eliorum
577 3253 638 3319 noli
661 3253 794 3320 recitare
817 3253 856 3320 ad
876 3253 1018 3338 singulos
1041 3273 1088 3319 ar·

120 3358 247 3424 ticnlos.
273 3358 364 3442 Quod
384 3358 506 3437 recolis,
524 3368 554 3426 te
569 3359 681 3427 iecisse
697 3378 716 3426 a
733 3368 887 3446 tempore,
903 3378 967 3446 quo
984 3378 1087 3446 nuper

119 3465 287 3531 confessus
310 3483 355 3544 66,
380 3465 439 3532 hoc
463 3465 513 3532 dic
538 3466 679 3533 breviter
701 3475 733 3533 66
757 3485 847 3552 pure,
872 3476 903 3534 et
936 3467 998 3533 noli
1025 3468 1088 3534 lon·

120 3589 199 3656 gum
224 3579 397 3638 tractatum
422 3580 533 3638 texere
556 3573 723 3641 cuiusdam
758 3573 915 3658 generalis
945 3583 977 3640 et
1005 3573 1088 3640 affir-
