2776 4316
327 224 392 288 990
687 241 775 288 clean
799 243 938 290 suerrus

328 344 502 411 allectionis
525 345 713 429 appetitum,
738 346 849 412 mundi
875 345 1120 432 provocamenta
1152 346 1192 413 ad
1223 345 1279 412 tint

328 451 434 517 dinem
459 459 490 517 et
514 451 706 518 daemonum
731 453 986 537 suggestionem
1010 461 1042 519 et
1063 454 1103 519 ita
1126 461 1281 540 suntqua-

328 566 402 625 tuor
425 567 536 625 contra
559 559 651 626 ditos.
675 558 819 625 Confluat
843 567 949 636 minen
973 545 1119 626 volumas
1149 561 1230 626 buna
1256 565 1281 624 el

328 665 492 731 inhaereat
517 664 652 731 fideliler
678 665 733 742 illi,
756 666 810 751 qui
829 666 911 732 dixit
929 667 957 731 ¹:
983 667 1025 732 In
1047 666 1175 732 mundo
1200 683 1283 751 pres·

327 790 450 837 surum
473 769 645 849 iubebitis,
668 771 728 837 sed
749 770 914 858 confidite,
938 791 997 859 ego
1020 771 1283 848 emimentem

326 878 382 962 qui
407 878 502 943 etiam
527 877 689 944 diabolum
714 875 842 963 fortior
865 878 1020 966 alligauit
1042 887 1074 946 el
1096 879 1284 966 spoliarint

328 984 501 1052 distribuit
524 993 554 1051 et
578 985 640 1051 cito
664 985 806 1070 reliquos
829 987 912 1053 duos
934 987 1080 1054 inimicos
1114 989 1187 1054 eius
1220 1003 1284 1053 con

327 1101 431 1160 vertet
453 1093 493 1159 ad
521 1110 641 1177 pacem,
667 1101 701 1158 ut
724 1092 884 1160 subiiciet
915 1094 947 1160 ei
976 1103 1148 1162 erectores
1175 1092 1283 1170 suor',

328 1200 433 1266 carnis
460 1200 663 1266 libidinosum
688 1201 850 1286 pruritum
879 1209 911 1267 et
933 1201 1110 1268 allectionis
1132 1201 1285 1270 illecebro

327 1323 399 1372 sum
425 1309 613 1393 appetitum.

417 1413 448 1478 3.
472 1414 638 1481 Secundus
661 1413 782 1498 gradus
805 1421 953 1490 osteum
971 1415 1282 1500 permareratiouem

327 1521 433 1586 carnis
457 1529 488 1586 et
513 1538 570 1605 per
593 1520 655 1586 alia
679 1520 858 1605 spiritualia
881 1521 988 1588 studia
1004 1521 1139 1589 allectus
1163 1519 1284 1588 muntia·

327 1634 390 1705 tur,
414 1634 446 1693 et
470 1645 544 1693 caro
569 1627 611 1692 ita
635 1627 761 1712 spiritui
786 1627 989 1712 subiugatur,
1012 1629 1174 1695 utrarios
1198 1635 1282 1694 toute

329 1741 381 1799 tur
405 1741 436 1799 et
461 1734 581 1811 mitiuS,
603 1740 649 1813 ut,
673 1734 821 1818 quamvis
844 1719 951 1800 adhuc
975 1752 1036 1800 non
1062 1735 1157 1820 plene
1187 1739 1282 1801 careat
1363 1823 1364 1828 ἵ

326 1840 655 1924 concupiscentiarum
681 1839 820 1907 stimulis
842 1842 933 1925 quasi
962 1841 1130 1926 spinarum
1164 1839 1281 1915 aculeis,

326 1953 357 2012 et
382 1947 553 2013 lebnsaeus
576 1947 683 2012 adnuo
707 1947 791 2012 intra
815 1948 967 2014 terminos
993 1947 1201 2016 habitationis
1221 1946 1281 2013 eius

327 2054 467 2132 lateat³;
492 2061 597 2121 tamen
621 2055 664 2120 ita
693 2054 865 2140 depressus
888 2055 929 2120 sit
959 2063 990 2121 et
1021 2056 1221 2134 itntninutus,
1251 2057 1282 2119 ul

325 2161 408 2228 facili
434 2160 543 2228 labore
566 2162 696 2228 sedetur
728 2164 797 2228 eius
828 2162 1008 2242 commotio,
1043 2171 1075 2230 el
1104 2161 1280 2250 imperanto

326 2269 427 2352 magis
451 2286 546 2354 quam
572 2267 760 2334 reluctando
783 2268 999 2368 insurgentem
1018 2281 1210 2355 compescat,
1230 2265 1279 2334 uisi

325 2375 406 2442 lorte
430 2393 471 2440 ex
497 2375 627 2460 propria
651 2375 842 2460 negligentia
866 2386 898 2442 et
913 2377 1035 2443 desidia
1059 2379 1147 2445 viros
1163 2389 1280 2446 sumere

326 2488 357 2548 et
380 2482 511 2566 gravius
534 2481 723 2566 impugnare
748 2483 962 2567 permittatur,
987 2485 1069 2550 sicut
1093 2485 1168 2551 liliis
1197 2478 1280 2550 lsrael

325 2587 480 2655 Dominus
505 2588 655 2666 minatur,
688 2588 831 2655 iudicum
865 2589 1005 2656 secundo
1022 2590 1044 2669 ⁴,
1083 2592 1215 2678 quaudo
1244 2603 1278 2654 ex

325 2695 517 2780 negligentia
541 2695 671 2780 propria
700 2695 808 2763 hostes
839 2697 898 2763 sibi
923 2715 942 2763 a
966 2697 1099 2764 llrimiuo
1131 2699 1280 2766 subiectos

325 2801 500 2867 noluerunt
524 2800 641 2886 delere,
667 2801 751 2885 quod
785 2801 880 2868 nollet
912 2821 966 2868 eos
996 2823 1020 2869 o
1046 2801 1138 2889 forie
1172 2817 1277 2874 cutum

325 2907 442 2987 delere,
468 2915 505 2974 ut
527 2927 587 2993 per
610 2926 696 2994 quoe
716 2918 950 2994 peecaverunt,
979 2929 1041 2996 per
1065 2907 1147 2977 ltuau
1174 2921 1205 2978 et
1229 2927 1279 2996 pu·

324 3014 503 3091 mirentur:
527 3014 612 3082 unde
637 3025 746 3100 postea
770 3017 898 3102 saepius
921 3018 962 3083 ab
985 3019 1032 3084 eis
1056 3027 1132 3085 sunt
1147 3017 1278 3104 grauiter

324 3122 467 3189 tribulati
493 3130 525 3189 et
548 3123 720 3206 subiugati.
745 3123 774 3188 Si
800 3122 946 3190 hostibus
970 3125 1120 3192 vitiorum
1152 3125 1278 3194 fideliter

325 3229 559 3307 resisteremus,
582 3230 713 3314 quando
737 3247 794 3295 nos
818 3230 1007 3316 impugnare
1031 3230 1200 3318 incipiunt,
1226 3245 1278 3298 uon

397 3386 405 3421 ¹
427 3389 497 3441 loun.
517 3387 559 3451 lfi,
577 3388 626 3455 33;
645 3393 794 3455 sequuntur
812 3388 900 3442 llatttt.
921 3389 963 3456 lt,
982 3389 1025 3442 29.
1045 3397 1071 3442 et
1089 3391 1154 3444 cuc.
1179 3393 1221 3458 ll,
1242 3387 1277 3442 ἢ

396 3474 407 3507 ²
428 3479 483 3530 lsai.
504 3477 547 3542 tt,
566 3479 591 3531 2.
878 3475 890 3508 ⁸
908 3476 962 3531 cn.
981 3480 1056 3532 losue
1076 3480 1119 3544 li,
1138 3481 1183 3534 63.

395 3563 501 3620 ‘Vera
521 3567 546 3633 2,
565 3581 635 3635 seq.;
655 3568 774 3634 sequitur
793 3568 854 3632 Sap.
878 3567 918 3634 tt,
938 3567 987 3621 tt.
