819 1202
62 60 262 82 vr·
278 60 293 64 ff

209 125 229 136 nn
241 124 362 137 nunonm'rioun
374 124 439 136 nonnus
450 124 542 137 ist-remonis.
596 121 614 137 91

131 150 207 168 flcialiter
219 151 307 173 cogitando.
326 160 347 163 —
359 150 449 172 Profectus
460 153 484 167 est
496 150 541 168 bonis
553 151 618 168 medita-

132 178 204 195 tionibus
216 180 232 195 et
250 178 350 194 orationibus
365 178 399 194 sine
417 177 508 199 importuna
525 178 617 199 evagatione

132 209 180 226 posse
193 205 272 222 intentum
285 209 320 221 esse
336 207 352 221 et
363 204 381 221 in
399 204 487 221 latitudine
504 205 573 221 coi-div
592 205 616 221 sui

131 236 188 249 secum
201 231 311 249 deambulare.
327 241 349 244 -
361 230 444 253 Perfecti'o
457 233 482 248 est
493 231 515 248 ita
532 232 547 248 iu
566 232 616 248 Deum

131 263 169 275 esse
177 258 272 280 absorptum
281 262 309 279 per
320 258 378 275 mentis
386 262 476 278 excessum,
484 259 503 275 ut
510 259 526 275 et
534 258 558 275 sui
567 258 618 279 ipsius

132 287 150 302 et
161 285 239 305 omnium,
250 289 292 306 quae
302 287 345 305 sunt,
357 284 461 301 obliviscatur
469 285 518 301 horno
529 287 544 302 et
557 285 571 301 in
584 285 617 301 sulo

131 312 166 329 Deo
178 312 241 333 absque
252 312 295 328 omni
307 311 375 333 strepitu
391 311 486 328 volubilium
505 312 617 333 cogitationum

131 340 149 356 et
160 338 292 359 imaginationum
305 338 376 355 suaviter
387 338 464 359 quiescat.

179 366 195 382 Ξ.
207 365 233 382 isti
246 366 284 384 sunt
295 364 336 382 fines
348 365 427 381 humanae
440 364 540 386 perfectionis
556 367 571 381 et
583 369 618 386 pro·

131 391 185 408 sectus
197 393 213 408 et
225 391 275 411 initia,
286 391 306 408 ad
320 396 362 413 quae
379 395 427 408 omne
444 391 526 413 spirituale
546 391 616 408 studium

132 418 182 435 debet
193 418 270 435 ordinari.
281 418 297 435 Si
305 418 342 440 quis
354 418 384 435 ista
395 418 421 435 via
430 423 460 435 non
468 417 545 438 ambulat,
557 420 581 434 est
590 418 618 434 sic-

132 447 152 462 ut
163 445 192 466 qui
203 445 261 464 nescit,
275 449 308 467 quo
325 444 377 461 vadat
385 444 398 464 ¹,
416 449 465 466 vagus
483 446 499 461 et
516 444 618 461 errabundus

132 471 153 488 ad
161 471 240 488 incertum
249 471 297 488 finem
310 471 381 488 tendens.
389 471 442 488 Initia
454 471 539 488 cuiuslibet
550 471 617 488 istarum

132 498 184 515 trium
202 498 310 519 potentiarum
328 500 365 514 suut
382 497 458 514 omnihus
475 498 571 516 communia,
588 498 615 519 qni

134 526 173 542 sunt
181 524 197 541 in
204 527 245 541 statu
255 525 316 544 salutis,
324 529 354 541 nec
361 524 395 541 sine
407 524 430 541 eis
438 526 462 541 est
470 524 520 541 salus.
534 524 615 546 Perfeclio

133 551 221 568 cuiuslibet
233 551 290 567 harum
303 551 351 568 trium
361 553 386 567 est
393 551 495 567 solummodo
503 551 615 572 perlectorum,

133 578 199 599 quando
211 580 249 594 sunt
261 577 276 594 in
288 582 352 594 summa
364 577 465 599 perfectione,
478 577 493 594 id
506 580 529 594 est
542 578 557 594 iu
570 579 617 599 raptu

133 604 278 626 contemplationis.
291 604 355 621 Medius
366 606 421 621 status
433 609 489 621 earum
507 606 531 621 est
548 604 617 625 perfecte

133 631 252 653 proficientium
264 633 280 648 et
292 631 395 652 singulariter
407 631 472 652 respicit
488 633 547 647 statum
562 630 618 652 proba-

135 660 189 675 torum
202 658 322 679 munimntum,
334 657 361 679 qui
374 658 415 674 inter
427 659 478 674 status
490 657 568 674 bonorum
585 662 617 674 sae-

135 685 216 702 cularium
227 687 244 701 et
257 686 315 701 statum
334 684 441 706 perfectorum
459 684 553 701 Sanctorum
572 684 616 705 quasi

135 711 207 728 medium
219 711 273 728 adhuc
285 713 347 731 teneam
360 715 390 728 non
403 711 441 732 quia
452 715 516 732 semper
531 711 546 727 in
561 711 617 727 eodem

134 739 178 755 statu
190 742 284 759 permanere
293 737 360 757 valeant,
369 737 412 759 qnod
422 737 469 754 etiam
478 737 581 754 sanctissimis
590 737 617 753 vix

134 766 160 781 est
172 764 256 786 possihi1e;
268 764 295 781 sed
308 766 370 781 tanturn
383 764 436 781 inedia
447 764 536 781 differentia
553 764 617 780 illorum

135 791 185 808 trium
198 793 269 808 statuum
281 791 304 807 sic.
312 791 416 812 distinguitur
424 791 445 807 ab
453 790 552 807 inchoatione
560 792 576 806 et
584 794 618 811 per·

133 818 202 835 sectione
217 822 279 834 eorum.
294 817 317 834 De
335 822 403 839 quorum
422 817 520 839 profectibus
537 817 618 838 aliquanto

134 844 184 861 latius
195 846 219 861 est
231 844 371 864 considerandum,
382 846 398 861 et
410 844 462 866 primo
474 844 494 861 de
507 843 617 861 reformatione

132 871 236 891 voluntatis,-
244 871 282 892 quia
294 871 345 888 virtus
357 873 373 888 et
385 871 441 888 vitium
449 873 466 887 et
478 871 552 888 meritum
561 871 617 891 depen-

134 898 174 915 dent
185 898 205 915 ab
217 902 237 915 ea
253 899 270 915 et
281 897 377 917 affectiones,
388 902 430 919 quae
442 900 474 915 lam
486 898 506 914 ad
520 898 557 914 ritia
569 901 618 919 quam

133 925 154 942 ad
167 925 235 942 virtutes
247 924 353 945 inelinantur3
365 927 420 946 postea
431 925 451 941 de
463 924 545 941 memoria
556 926 572 941 et
588 929 617 941 ra-

171 955 175 965 ¹
185 956 206 969 με»
216 956 247 973 tte,
257 956 279 969 ae.
385 955 390 964 ¹
400 956 434 969 toan.
445 956 466 972 ις,
475 955 498 969 35.
