2776 4316
286 227 352 294 tto
640 241 730 290 urana
753 241 893 289 rnnrrns.

285 370 354 420 esse
379 350 510 417 similes.
532 350 681 436 Corporis
703 355 811 419 autern
838 348 965 414 dotores
981 356 1012 415 et
1029 366 1140 415 rernm
1158 350 1262 415 amis·

283 457 404 524 sionem
429 465 460 524 et
483 456 659 524 amicornm
684 456 820 522 otiensas
844 463 875 522 et
906 455 1108 522 contusiones
1133 456 1262 540 patien-

283 572 331 631 ter
356 564 492 631 tolerare
509 556 703 649 supradictis
720 562 870 629 remediis
886 561 1030 640 discitur,
1046 569 1078 628 et
1106 563 1260 630 maxime

282 689 345 740 usu
370 687 465 756 saepe
489 671 563 736 tatia
587 670 775 737 sustinendi.
799 669 860 736 Vix
884 670 967 736 enini
992 668 1113 754 atiqnid
1141 669 1172 734 in
1193 670 1257 737 hac

285 779 349 844 vita
373 785 438 843 tam
462 793 612 862 asperum
637 785 696 854 ost,
720 775 806 862 qnod
824 793 886 841 usu
902 783 935 841 et
951 775 1057 842 studio
1078 776 1257 861 patientiae

284 901 346 948 non
371 881 427 947 fiat
450 882 556 948 anirno
581 881 683 948 terius
707 881 747 948 ad
772 881 976 968 portandum,
1008 881 1102 949 iuxta
1127 882 1211 948 iiind
1227 883 1256 948 ¹:

391 1097 393 1100 .
477 1060 579 1128 ‹erod
598 1061 668 1114 male
686 1061 746 1126 ters,
766 1075 897 1128 assuesce,
916 1069 942 1115 et
961 1060 1065 1114 teres».

283 1223 316 1289 ln
342 1223 401 1289 isto
425 1223 526 1308 grado
563 1239 621 1289 nec
656 1221 866 1307 pertrrrbatnr
901 1222 998 1288 honio
1019 1223 1168 1292 adversis
1193 1241 1256 1291 nec

284 1330 411 1415 gaudet,
436 1330 490 1396 sed
516 1329 651 1396 sustinet
674 1337 706 1395 et
729 1336 821 1396 tacet.

374 1437 405 1502 lt.
430 1436 557 1503 tertius
580 1436 701 1520 gradus
726 1435 893 1520 patientiae
917 1444 965 1503 est
988 1437 1131 1522 gaudere
1148 1438 1180 1504 in
1197 1439 1257 1505 tri-

283 1540 502 1607 bulationibus
525 1549 556 1606 et
579 1540 719 1624 gloriari,
743 1557 816 1607 cum
846 1542 974 1622 adsunt,
997 1551 1029 1609 et
1052 1543 1255 1624 desiderare,

283 1665 357 1714 eunt
382 1648 508 1725 desunt,
532 1647 614 1714 siout
637 1647 779 1714 famosus
802 1655 833 1714 et
858 1648 972 1715 nobilis
995 1649 1057 1716 tiro
1080 1649 1254 1734 gloriatur,

283 1771 357 1820 curn
383 1754 477 1820 debet
501 1754 681 1820 tirocinium
707 1762 818 1821 contra
852 1755 950 1821 aliurn
980 1755 1120 1822 nobilem
1154 1774 1255 1824 exer-

283 1877 373 1939 cere;
391 1860 444 1925 lob
458 1859 483 1925 ²:
503 1860 586 1943 Quis
602 1860 652 1926 det
669 1859 763 1940 mitt,
789 1870 826 1927 ut
841 1861 952 1928 vcniut
966 1863 1080 1947 petitio
1097 1881 1173 1929 meu
1189 1872 1253 1931 etc.

285 1966 327 2031 m
349 1963 429 2032 lzuec
452 1962 537 2030 mitti
558 1965 604 2030 sit
625 1965 817 2045 consolatio,
842 1977 880 2032 ut
895 1967 1050 2054 offliyens
1067 1987 1120 2036 mc
1134 1969 1252 2037 dolore

283 2091 349 2138 non
371 2081 516 2158 porcum
539 2073 580 2138 ad
605 2073 799 2139 Corinthios:
826 2073 946 2141 Placen
977 2073 1120 2142 mittin
1154 2073 1253 2162 infir·

284 2178 458 2246 mitutibu's
474 2180 567 2259 meio,
585 2181 621 2246 in
637 2180 856 2259 contumetiis,
874 2181 910 2247 in
925 2181 1190 2263 necessitutibus,
1214 2182 1252 2249 in

284 2288 464 2374 anqustiis,
489 2288 524 2354 in
557 2287 844 2374 persecutionibus
865 2307 929 2375 pro
954 2286 1108 2368 Cierium·
1132 2289 1252 2358 Deute-

286 2395 483 2461 ronomium:
510 2394 735 2462 immotabunt
756 2395 911 2462 victimas
935 2395 1086 2463 institiae
1108 2397 1170 2486 qiu
1202 2397 1252 2463 in·

284 2501 499 2566 undationem
524 2501 632 2567 muris
656 2501 758 2589 quusi
787 2501 840 2568 iac
874 2509 1013 2587 euocet·
1045 2521 1144 2569 mure
1164 2519 1253 2569 ama·

284 2624 355 2672 rurn
381 2615 429 2674 est
454 2608 562 2686 ratde,¹
579 2608 833 2675 inundationem
856 2608 966 2674 muris
989 2609 1091 2696 quusi
1114 2609 1168 2676 inc
1191 2628 1248 2675 cu·

280 2721 367 2799 nunt
389 2715 455 2801 qui,
479 2725 684 2782 excrescente
707 2715 922 2782 amaritudine
946 2714 1118 2784 cuinsiibet
1134 2716 1248 2784 adrer-

284 2821 395 2900 sitatis,
419 2825 510 2908 quasi
547 2822 626 2889 tacte
658 2822 881 2889 consolationis
917 2821 1123 2890 hilarescunt
1156 2825 1192 2891 Et
1215 2825 1248 2890 tn

283 2928 438 2995 uictimas
455 2929 603 2995 institiae
627 2928 803 2995 immolant
814 2929 908 3017 quio,
926 2930 1104 2997 secundum
1119 2930 1249 2998 beatum

284 3035 470 3120 Gregorium
487 3035 509 3115 ⁸,
537 3061 553 3094 α
572 3035 700 3102 maioris
723 3045 771 3102 est
795 3036 898 3102 meriti
930 3036 1066 3103 adversa
1091 3038 1251 3123 patienter

284 3142 421 3209 tolerare
445 3161 539 3228 quam
566 3142 656 3208 bonis
679 3142 831 3228 operibus
864 3143 1058 3210 insudare».
1083 3143 1145 3228 Qui
1173 3161 1252 3230 ergo

356 3299 364 3332 ¹
386 3302 471 3370 Ouid„
490 3304 518 3355 ii.
538 3303 605 3355 Artis
624 3305 775 3366 amatoriae,
793 3317 820 3356 v.
841 3302 902 3355 ott.

356 3389 447 3457 'Can
468 3393 492 3458 a,
514 3392 560 3455 te;
580 3394 699 3459 sequitur
719 3392 746 3444 u.
765 3376 825 3444 c'or.
847 3392 888 3454 m,
909 3391 950 3442 to.
970 3397 995 3443 ec
1014 3391 1089 3444 neue
1111 3391 1156 3459 aa,
1180 3391 1224 3445 te.

357 3479 439 3533 ⁸th
458 3481 545 3549 quoad
565 3481 719 3534 sententiam
740 3481 784 3533 lib.
804 3480 864 3532 XX.
893 3481 972 3532 itcrat
1000 3493 1022 3533 c.
1052 3479 1096 3532 39.
1116 3493 1142 3532 n.
1161 3480 1207 3534 76.
1225 3487 1252 3536 a

284 3570 303 3622 1.
322 3569 416 3622 Homti.
438 3571 462 3621 in
482 3571 581 3635 evang.
602 3571 692 3623 norati.
713 3570 755 3622 35.
775 3583 801 3622 n.
822 3569 846 3622 t.
866 3583 941 3637 seqq.
