<?xml version="1.0" encoding="UTF-8"?>
<!DOCTYPE html PUBLIC "-//W3C//DTD XHTML 1.0 Transitional//EN"
    "http://www.w3.org/TR/xhtml1/DTD/xhtml1-transitional.dtd">
<html xmlns="http://www.w3.org/1999/xhtml" xml:lang="en" lang="en">
 <head>
  <title>
</title>
<meta http-equiv="Content-Type" content="text/html;charset=utf-8" />
  <meta name='ocr-system' content='tesseract 3.04.00' />
  <meta name='ocr-capabilities' content='ocr_page ocr_carea ocr_par ocr_line ocrx_word'/>
</head>
<body>
  <div class='ocr_page' id='page_1' title='image "./deexterioriseti00davigoog_0426.png"; bbox 0 0 2742 4320; ppageno 0'>
   <div class='ocr_carea' id='block_1_1' title="bbox 539 255 648 304">
    <p class='ocr_par' dir='ltr' id='par_1_1' title="bbox 539 255 648 304">
     <span class='ocr_line' id='line_1_1' title="bbox 539 255 648 304; baseline 0.018 -2"><span class='ocrx_word' id='word_1_1' title='bbox 539 255 648 304; x_wconf 77' lang='lat' dir='ltr'><strong>tunuli.</strong></span> 
     </span>
    </p>
   </div>
   <div class='ocr_carea' id='block_1_2' title="bbox 497 415 703 468">
    <p class='ocr_par' dir='ltr' id='par_1_2' title="bbox 497 415 703 468">
     <span class='ocr_line' id='line_1_2' title="bbox 497 415 703 468; baseline 0.01 -2"><span class='ocrx_word' id='word_1_2' title='bbox 497 415 578 468; x_wconf 76' lang='lat' dir='ltr'>PARS</span> <span class='ocrx_word' id='word_1_3' title='bbox 598 416 703 468; x_wconf 75' lang='lat' dir='ltr'><strong>PRIMA.</strong></span> 
     </span>
    </p>
   </div>
   <div class='ocr_carea' id='block_1_3' title="bbox 21 557 1077 3666">
    <p class='ocr_par' dir='ltr' id='par_1_3' title="bbox 111 557 1077 628">
     <span class='ocr_line' id='line_1_3' title="bbox 111 557 1077 628; baseline 0.002 -18"><span class='ocrx_word' id='word_1_4' title='bbox 111 557 321 611; x_wconf 70' lang='lat' dir='ltr'><strong>praefatiuncula</strong></span> <span class='ocrx_word' id='word_1_5' title='bbox 354 595 896 612; x_wconf 89' lang='grc'><strong>.............</strong></span> <span class='ocrx_word' id='word_1_6' title='bbox 923 571 986 628; x_wconf 77' lang='lat' dir='ltr'><strong>pop.</strong></span> <span class='ocrx_word' id='word_1_7' title='bbox 1042 557 1077 612; x_wconf 83' lang='grc'><strong>61</strong></span> 
     </span>
    </p>

    <p class='ocr_par' dir='ltr' id='par_1_4' title="bbox 109 644 1076 791">
     <span class='ocr_line' id='line_1_4' title="bbox 109 644 988 714; baseline 0 -14"><span class='ocrx_word' id='word_1_8' title='bbox 109 644 178 700; x_wconf 78' lang='lat' dir='ltr'><strong>Car.</strong></span> <span class='ocrx_word' id='word_1_9' title='bbox 196 646 215 699; x_wconf 89' lang='lat' dir='ltr'><strong>l.</strong></span> <span class='ocrx_word' id='word_1_10' title='bbox 234 647 351 712; x_wconf 90' lang='lat' dir='ltr'><strong>Quatuor</strong></span> <span class='ocrx_word' id='word_1_11' title='bbox 369 653 437 710; x_wconf 87' lang='lat' dir='ltr'><strong>sunt,</strong></span> <span class='ocrx_word' id='word_1_12' title='bbox 456 647 481 700; x_wconf 90' lang='lat' dir='ltr'><strong>ln</strong></span> <span class='ocrx_word' id='word_1_13' title='bbox 501 645 600 714; x_wconf 85' lang='lat' dir='ltr'><strong>quibus</strong></span> <span class='ocrx_word' id='word_1_14' title='bbox 619 650 681 700; x_wconf 90' lang='lat' dir='ltr'><strong>novi</strong></span> <span class='ocrx_word' id='word_1_15' title='bbox 700 654 725 700; x_wconf 91' lang='lat' dir='ltr'><strong>et</strong></span> <span class='ocrx_word' id='word_1_16' title='bbox 744 649 897 714; x_wconf 73' lang='lat' dir='ltr'><strong>incipientes</strong></span> <span class='ocrx_word' id='word_1_17' title='bbox 919 650 988 701; x_wconf 90' lang='lat' dir='ltr'><strong>cauti</strong></span> 
     </span>
     <span class='ocr_line' id='line_1_5' title="bbox 260 734 1076 791; baseline 0.001 -2"><span class='ocrx_word' id='word_1_18' title='bbox 260 749 319 789; x_wconf 90' lang='lat' dir='ltr'><strong>esse</strong></span> <span class='ocrx_word' id='word_1_19' title='bbox 337 734 434 790; x_wconf 88' lang='lat' dir='ltr'><strong>debent</strong></span> <span class='ocrx_word' id='word_1_20' title='bbox 444 775 989 791; x_wconf 90' lang='grc'><strong>.............</strong></span> <span class='ocrx_word' id='word_1_21' title='bbox 1042 737 1076 789; x_wconf 85' lang='grc'><strong>66</strong></span> 
     </span>
    </p>

    <p class='ocr_par' dir='ltr' id='par_1_5' title="bbox 137 823 1077 1068">
     <span class='ocr_line' id='line_1_6' title="bbox 137 823 987 892; baseline 0.008 -20"><span class='ocrx_word' id='word_1_22' title='bbox 137 843 150 872; x_wconf 70' lang='grc' dir='ltr'><strong><em>ι</em></strong></span> <span class='ocrx_word' id='word_1_23' title='bbox 190 824 221 876; x_wconf 92' lang='lat' dir='ltr'><strong>ll.</strong></span> <span class='ocrx_word' id='word_1_24' title='bbox 240 823 359 878; x_wconf 85' lang='lat' dir='ltr'><strong>l&#39;entetlo</strong></span> <span class='ocrx_word' id='word_1_25' title='bbox 378 825 555 892; x_wconf 82' lang='lat' dir='ltr'><strong>quadruplex:</strong></span> <span class='ocrx_word' id='word_1_26' title='bbox 575 839 589 878; x_wconf 88' lang='lat' dir='ltr'><strong>a</strong></span> <span class='ocrx_word' id='word_1_27' title='bbox 608 839 695 892; x_wconf 87' lang='lat' dir='ltr'><strong>carno,</strong></span> <span class='ocrx_word' id='word_1_28' title='bbox 720 841 734 878; x_wconf 91' lang='lat' dir='ltr'><strong>a</strong></span> <span class='ocrx_word' id='word_1_29' title='bbox 759 826 868 892; x_wconf 88' lang='lat' dir='ltr'><strong>mundo,</strong></span> <span class='ocrx_word' id='word_1_30' title='bbox 892 841 906 878; x_wconf 91' lang='lat' dir='ltr'><strong>a</strong></span> <span class='ocrx_word' id='word_1_31' title='bbox 932 826 987 879; x_wconf 89' lang='lat' dir='ltr'><strong>dia·</strong></span> 
     </span>
     <span class='ocr_line' id='line_1_7' title="bbox 259 913 1071 979; baseline 0.002 -13"><span class='ocrx_word' id='word_1_32' title='bbox 259 913 329 979; x_wconf 89' lang='lat' dir='ltr'><strong>bolo,</strong></span> <span class='ocrx_word' id='word_1_33' title='bbox 349 929 362 967; x_wconf 89' lang='lat' dir='ltr'><strong>a</strong></span> <span class='ocrx_word' id='word_1_34' title='bbox 382 913 437 967; x_wconf 86' lang='lat' dir='ltr'><strong>Deo</strong></span> <span class='ocrx_word' id='word_1_35' title='bbox 443 951 986 968; x_wconf 87' lang='grc'><strong>.............</strong></span> <span class='ocrx_word' id='word_1_36' title='bbox 1041 915 1071 968; x_wconf 83' lang='grc'><strong>71</strong></span> 
     </span>
     <span class='ocr_line' id='line_1_8' title="bbox 137 1001 1077 1068; baseline 0.005 -19"><span class='ocrx_word' id='word_1_37' title='bbox 137 1019 151 1049; x_wconf 69' lang='grc' dir='ltr'><strong>ι</strong></span> <span class='ocrx_word' id='word_1_38' title='bbox 193 1001 231 1054; x_wconf 92' lang='grc'>111.</span> <span class='ocrx_word' id='word_1_39' title='bbox 250 1001 311 1055; x_wconf 83' lang='lat' dir='ltr'><strong>&#39;iria</strong></span> <span class='ocrx_word' id='word_1_40' title='bbox 330 1007 391 1054; x_wconf 93' lang='lat' dir='ltr'><strong>sunt</strong></span> <span class='ocrx_word' id='word_1_41' title='bbox 409 1015 506 1067; x_wconf 79' lang='lat' dir='ltr'><strong>genera</strong></span> <span class='ocrx_word' id='word_1_42' title='bbox 525 1002 717 1068; x_wconf 79' lang='lat' dir='ltr'><strong>Religiosorum</strong></span> <span class='ocrx_word' id='word_1_43' title='bbox 755 1041 987 1056; x_wconf 92' lang='grc'><strong>......</strong></span> <span class='ocrx_word' id='word_1_44' title='bbox 1041 1001 1077 1055; x_wconf 85' lang='grc'><strong>77</strong></span> 
     </span>
    </p>

    <p class='ocr_par' dir='ltr' id='par_1_6' title="bbox 137 1090 1075 1244">
     <span class='ocr_line' id='line_1_9' title="bbox 137 1090 988 1157; baseline 0.009 -20"><span class='ocrx_word' id='word_1_45' title='bbox 137 1108 152 1137; x_wconf 69' lang='lat' dir='ltr'><strong>a</strong></span> <span class='ocrx_word' id='word_1_46' title='bbox 193 1090 234 1143; x_wconf 89' lang='lat' dir='ltr'><strong>lV.</strong></span> <span class='ocrx_word' id='word_1_47' title='bbox 254 1090 321 1143; x_wconf 81' lang='lat' dir='ltr'><strong>&#39;ires</strong></span> <span class='ocrx_word' id='word_1_48' title='bbox 339 1095 400 1143; x_wconf 87' lang='lat' dir='ltr'><strong>sunt</strong></span> <span class='ocrx_word' id='word_1_49' title='bbox 414 1095 496 1144; x_wconf 89' lang='lat' dir='ltr'><strong>status</strong></span> <span class='ocrx_word' id='word_1_50' title='bbox 509 1091 716 1157; x_wconf 75' lang='lat' dir='ltr'><strong>llellgiosorum:</strong></span> <span class='ocrx_word' id='word_1_51' title='bbox 729 1093 917 1157; x_wconf 78' lang='lat' dir='ltr'><strong>incipientium,</strong></span> <span class='ocrx_word' id='word_1_52' title='bbox 930 1105 988 1157; x_wconf 91' lang='lat' dir='ltr'><strong>pro·</strong></span> 
     </span>
     <span class='ocr_line' id='line_1_10' title="bbox 258 1178 1075 1244; baseline 0.005 -14"><span class='ocrx_word' id='word_1_53' title='bbox 258 1178 399 1233; x_wconf 79' lang='lat' dir='ltr'><strong>ficientium</strong></span> <span class='ocrx_word' id='word_1_54' title='bbox 418 1187 444 1234; x_wconf 88' lang='lat' dir='ltr'><strong>et</strong></span> <span class='ocrx_word' id='word_1_55' title='bbox 463 1180 638 1244; x_wconf 85' lang='lat' dir='ltr'><strong>perlectorum</strong></span> <span class='ocrx_word' id='word_1_56' title='bbox 661 1218 986 1234; x_wconf 88' lang='grc'><strong>........</strong></span> <span class='ocrx_word' id='word_1_57' title='bbox 1041 1179 1075 1234; x_wconf 87' lang='lat' dir='ltr'><strong>at</strong></span> 
     </span>
    </p>

    <p class='ocr_par' dir='ltr' id='par_1_7' title="bbox 135 1266 1075 1514">
     <span class='ocr_line' id='line_1_11' title="bbox 135 1266 987 1337; baseline 0.006 -20"><span class='ocrx_word' id='word_1_58' title='bbox 135 1287 149 1317; x_wconf 72' lang='grc' dir='ltr'><strong>ι</strong></span> <span class='ocrx_word' id='word_1_59' title='bbox 192 1266 224 1319; x_wconf 93' lang='lat' dir='ltr'><strong>V.</strong></span> <span class='ocrx_word' id='word_1_60' title='bbox 244 1269 336 1321; x_wconf 76' lang='lat' dir='ltr'><strong>anima</strong></span> <span class='ocrx_word' id='word_1_61' title='bbox 356 1267 435 1321; x_wconf 87' lang='lat' dir='ltr'><strong>nabet</strong></span> <span class='ocrx_word' id='word_1_62' title='bbox 454 1274 506 1321; x_wconf 85' lang='lat' dir='ltr'><strong>tres</strong></span> <span class='ocrx_word' id='word_1_63' title='bbox 519 1271 655 1334; x_wconf 88' lang='lat' dir='ltr'><strong>potentias,</strong></span> <span class='ocrx_word' id='word_1_64' title='bbox 668 1269 766 1337; x_wconf 87' lang='lat' dir='ltr'><strong>quibus</strong></span> <span class='ocrx_word' id='word_1_65' title='bbox 778 1283 860 1335; x_wconf 85' lang='lat' dir='ltr'><strong>capax</strong></span> <span class='ocrx_word' id='word_1_66' title='bbox 874 1274 914 1322; x_wconf 90' lang='lat' dir='ltr'><strong>est</strong></span> <span class='ocrx_word' id='word_1_67' title='bbox 927 1270 987 1322; x_wconf 87' lang='lat' dir='ltr'><strong>Det:</strong></span> 
     </span>
     <span class='ocr_line' id='line_1_12' title="bbox 257 1357 1075 1423; baseline 0.002 -13"><span class='ocrx_word' id='word_1_68' title='bbox 257 1357 391 1423; x_wconf 90' lang='lat' dir='ltr'><strong>rationem,</strong></span> <span class='ocrx_word' id='word_1_69' title='bbox 412 1360 567 1412; x_wconf 73' lang='lat' dir='ltr'><strong>memoriam</strong></span> <span class='ocrx_word' id='word_1_70' title='bbox 585 1366 612 1412; x_wconf 90' lang='lat' dir='ltr'><strong>et</strong></span> <span class='ocrx_word' id='word_1_71' title='bbox 629 1360 791 1413; x_wconf 88' lang='lat' dir='ltr'><strong>voluntatem</strong></span> <span class='ocrx_word' id='word_1_72' title='bbox 798 1396 987 1414; x_wconf 91' lang='grc'><strong>.....</strong></span> <span class='ocrx_word' id='word_1_73' title='bbox 1041 1358 1075 1412; x_wconf 84' lang='grc'>85</span> 
     </span>
     <span class='ocr_line' id='line_1_13' title="bbox 136 1445 1075 1514; baseline 0.004 -20"><span class='ocrx_word' id='word_1_74' title='bbox 136 1464 150 1494; x_wconf 70' lang='lat' dir='ltr'><strong>s</strong></span> <span class='ocrx_word' id='word_1_75' title='bbox 191 1445 235 1498; x_wconf 91' lang='lat' dir='ltr'><strong>Vl.</strong></span> <span class='ocrx_word' id='word_1_76' title='bbox 254 1446 361 1500; x_wconf 89' lang='lat' dir='ltr'><strong>interior</strong></span> <span class='ocrx_word' id='word_1_77' title='bbox 379 1448 530 1500; x_wconf 78' lang='lat' dir='ltr'><strong>reformatio</strong></span> <span class='ocrx_word' id='word_1_78' title='bbox 549 1449 574 1500; x_wconf 90' lang='lat' dir='ltr'><strong>in</strong></span> <span class='ocrx_word' id='word_1_79' title='bbox 594 1450 686 1514; x_wconf 89' lang='lat' dir='ltr'><strong>spiritu</strong></span> <span class='ocrx_word' id='word_1_80' title='bbox 706 1449 801 1502; x_wconf 89' lang='lat' dir='ltr'><strong>mentis</strong></span> <span class='ocrx_word' id='word_1_81' title='bbox 816 1447 942 1502; x_wconf 87' lang='lat' dir='ltr'><strong>consistit.</strong></span> <span class='ocrx_word' id='word_1_82' title='bbox 980 1486 987 1500; x_wconf 90' lang='lat'><strong>.</strong></span> <span class='ocrx_word' id='word_1_83' title='bbox 1042 1447 1075 1499; x_wconf 83' lang='lat'><strong>88</strong></span> 
     </span>
    </p>

    <p class='ocr_par' dir='ltr' id='par_1_8' title="bbox 135 1534 1074 1680">
     <span class='ocr_line' id='line_1_14' title="bbox 135 1534 986 1604; baseline 0.004 -17"><span class='ocrx_word' id='word_1_84' title='bbox 135 1553 149 1585; x_wconf 82' lang='lat'><strong>›</strong></span> <span class='ocrx_word' id='word_1_85' title='bbox 191 1534 244 1588; x_wconf 92' lang='lat' dir='ltr'><strong>Vll.</strong></span> <span class='ocrx_word' id='word_1_86' title='bbox 263 1535 331 1602; x_wconf 84' lang='lat' dir='ltr'><strong>Quid</strong></span> <span class='ocrx_word' id='word_1_87' title='bbox 351 1537 382 1588; x_wconf 92' lang='lat' dir='ltr'><strong>stt</strong></span> <span class='ocrx_word' id='word_1_88' title='bbox 400 1537 511 1604; x_wconf 89' lang='lat' dir='ltr'><strong>initium,</strong></span> <span class='ocrx_word' id='word_1_89' title='bbox 525 1538 658 1603; x_wconf 87' lang='lat' dir='ltr'><strong>proiectus</strong></span> <span class='ocrx_word' id='word_1_90' title='bbox 669 1544 694 1590; x_wconf 88' lang='lat' dir='ltr'><strong>et</strong></span> <span class='ocrx_word' id='word_1_91' title='bbox 707 1539 833 1604; x_wconf 84' lang='lat' dir='ltr'><strong>periectio</strong></span> <span class='ocrx_word' id='word_1_92' title='bbox 845 1539 986 1591; x_wconf 88' lang='lat' dir='ltr'><strong>reiorman·</strong></span> 
     </span>
     <span class='ocr_line' id='line_1_15' title="bbox 260 1624 1074 1680; baseline 0.002 -4"><span class='ocrx_word' id='word_1_93' title='bbox 260 1624 308 1677; x_wconf 91' lang='lat' dir='ltr'><strong>dae</strong></span> <span class='ocrx_word' id='word_1_94' title='bbox 328 1626 434 1678; x_wconf 88' lang='lat' dir='ltr'><strong>rationis</strong></span> <span class='ocrx_word' id='word_1_95' title='bbox 441 1663 987 1680; x_wconf 87' lang='grc'><strong>.............</strong></span> <span class='ocrx_word' id='word_1_96' title='bbox 1041 1625 1074 1678; x_wconf 89' lang='grc'><strong>88</strong></span> 
     </span>
    </p>

    <p class='ocr_par' dir='ltr' id='par_1_9' title="bbox 137 1713 1075 1859">
     <span class='ocr_line' id='line_1_16' title="bbox 137 1713 986 1783; baseline 0.008 -21"><span class='ocrx_word' id='word_1_97' title='bbox 137 1733 151 1762; x_wconf 81' lang='lat'><strong>»</strong></span> <span class='ocrx_word' id='word_1_98' title='bbox 193 1713 346 1782; x_wconf 90' lang='lat' dir='ltr'><strong>Vlll.·Quid</strong></span> <span class='ocrx_word' id='word_1_99' title='bbox 366 1718 399 1768; x_wconf 89' lang='lat' dir='ltr'><strong>sit</strong></span> <span class='ocrx_word' id='word_1_100' title='bbox 416 1715 530 1781; x_wconf 88' lang='lat' dir='ltr'><strong>initium,</strong></span> <span class='ocrx_word' id='word_1_101' title='bbox 551 1716 683 1781; x_wconf 85' lang='lat' dir='ltr'><strong>protectus</strong></span> <span class='ocrx_word' id='word_1_102' title='bbox 707 1721 733 1770; x_wconf 90' lang='lat' dir='ltr'><strong>et</strong></span> <span class='ocrx_word' id='word_1_103' title='bbox 757 1718 883 1783; x_wconf 87' lang='lat' dir='ltr'><strong>periectto</strong></span> <span class='ocrx_word' id='word_1_104' title='bbox 907 1717 986 1769; x_wconf 90' lang='lat' dir='ltr'><strong>reior-</strong></span> 
     </span>
     <span class='ocr_line' id='line_1_17' title="bbox 169 1804 1075 1859; baseline 0.002 -3"><span class='ocrx_word' id='word_1_105' title='bbox 169 1815 172 1822; x_wconf 65' lang='lat'><strong>⁴</strong></span> <span class='ocrx_word' id='word_1_106' title='bbox 259 1804 370 1858; x_wconf 83' lang='lat' dir='ltr'><strong>mendae</strong></span> <span class='ocrx_word' id='word_1_107' title='bbox 390 1805 531 1859; x_wconf 85' lang='lat' dir='ltr'><strong>voluntatis</strong></span> <span class='ocrx_word' id='word_1_108' title='bbox 532 1843 986 1859; x_wconf 89' lang='grc'><strong>...........</strong></span> <span class='ocrx_word' id='word_1_109' title='bbox 1041 1805 1075 1858; x_wconf 98' lang='grc'>80</span> 
     </span>
    </p>

    <p class='ocr_par' dir='ltr' id='par_1_10' title="bbox 137 1890 1074 2036">
     <span class='ocr_line' id='line_1_18' title="bbox 137 1890 987 1960; baseline 0.009 -22"><span class='ocrx_word' id='word_1_110' title='bbox 137 1909 152 1937; x_wconf 72' lang='grc' dir='ltr'><strong>ι»</strong></span> <span class='ocrx_word' id='word_1_111' title='bbox 192 1890 236 1942; x_wconf 86' lang='lat' dir='ltr'><strong>tx.</strong></span> <span class='ocrx_word' id='word_1_112' title='bbox 256 1890 325 1957; x_wconf 83' lang='lat' dir='ltr'><strong>Quid</strong></span> <span class='ocrx_word' id='word_1_113' title='bbox 343 1893 376 1944; x_wconf 88' lang='lat' dir='ltr'><strong>sit</strong></span> <span class='ocrx_word' id='word_1_114' title='bbox 394 1893 505 1960; x_wconf 89' lang='lat' dir='ltr'><strong>initium,</strong></span> <span class='ocrx_word' id='word_1_115' title='bbox 524 1893 657 1957; x_wconf 89' lang='lat' dir='ltr'><strong>proiectus</strong></span> <span class='ocrx_word' id='word_1_116' title='bbox 669 1900 695 1947; x_wconf 88' lang='lat' dir='ltr'><strong>et</strong></span> <span class='ocrx_word' id='word_1_117' title='bbox 707 1894 832 1958; x_wconf 73' lang='lat' dir='ltr'><strong>perfectio</strong></span> <span class='ocrx_word' id='word_1_118' title='bbox 845 1893 987 1946; x_wconf 87' lang='lat' dir='ltr'><strong>relorman·</strong></span> 
     </span>
     <span class='ocr_line' id='line_1_19' title="bbox 256 1979 1074 2036; baseline 0.002 -4"><span class='ocrx_word' id='word_1_119' title='bbox 256 1979 306 2032; x_wconf 87' lang='lat' dir='ltr'><strong>dae</strong></span> <span class='ocrx_word' id='word_1_120' title='bbox 325 1982 469 2034; x_wconf 77' lang='lat' dir='ltr'><strong>memoriae</strong></span> <span class='ocrx_word' id='word_1_121' title='bbox 487 2016 985 2036; x_wconf 87' lang='grc'><strong>............</strong></span> <span class='ocrx_word' id='word_1_122' title='bbox 1040 1980 1074 2032; x_wconf 91' lang='grc'>80</span> 
     </span>
    </p>

    <p class='ocr_par' dir='ltr' id='par_1_11' title="bbox 137 2067 1072 2214">
     <span class='ocr_line' id='line_1_20' title="bbox 137 2067 986 2125; baseline 0.008 -8"><span class='ocrx_word' id='word_1_123' title='bbox 137 2087 150 2117; x_wconf 67' lang='lat' dir='ltr'>n</span> <span class='ocrx_word' id='word_1_124' title='bbox 192 2068 225 2122; x_wconf 89' lang='lat' dir='ltr'><strong>X.</strong></span> <span class='ocrx_word' id='word_1_125' title='bbox 244 2067 409 2122; x_wconf 87' lang='lat' dir='ltr'><strong>Deiormatae</strong></span> <span class='ocrx_word' id='word_1_126' title='bbox 427 2077 487 2122; x_wconf 90' lang='lat' dir='ltr'><strong>sunt</strong></span> <span class='ocrx_word' id='word_1_127' title='bbox 507 2071 637 2124; x_wconf 80' lang='lat' dir='ltr'><strong>naturales</strong></span> <span class='ocrx_word' id='word_1_128' title='bbox 649 2072 722 2124; x_wconf 88' lang='lat' dir='ltr'><strong>vires</strong></span> <span class='ocrx_word' id='word_1_129' title='bbox 734 2072 837 2125; x_wconf 87' lang='lat' dir='ltr'><strong>animae</strong></span> <span class='ocrx_word' id='word_1_130' title='bbox 855 2075 882 2123; x_wconf 90' lang='lat' dir='ltr'><strong>ct</strong></span> <span class='ocrx_word' id='word_1_131' title='bbox 898 2075 986 2124; x_wconf 84' lang='lat' dir='ltr'><strong>motus</strong></span> 
     </span>
     <span class='ocr_line' id='line_1_21' title="bbox 256 2159 1072 2214; baseline 0.002 -4"><span class='ocrx_word' id='word_1_132' title='bbox 256 2159 421 2212; x_wconf 79' lang='lat' dir='ltr'><strong>affectionum</strong></span> <span class='ocrx_word' id='word_1_133' title='bbox 442 2196 984 2214; x_wconf 89' lang='lat'><strong>.............</strong></span> <span class='ocrx_word' id='word_1_134' title='bbox 1039 2159 1072 2212; x_wconf 77' lang='lat'><strong>92</strong></span> 
     </span>
    </p>

    <p class='ocr_par' dir='ltr' id='par_1_12' title="bbox 135 2247 1074 2403">
     <span class='ocr_line' id='line_1_22' title="bbox 135 2247 986 2316; baseline 0.005 -18"><span class='ocrx_word' id='word_1_135' title='bbox 135 2267 152 2298; x_wconf 70' lang='grc' dir='ltr'><strong>ι</strong></span> <span class='ocrx_word' id='word_1_136' title='bbox 190 2248 233 2302; x_wconf 88' lang='lat' dir='ltr'><strong>Xl.</strong></span> <span class='ocrx_word' id='word_1_137' title='bbox 252 2247 357 2313; x_wconf 75' lang='lat' dir='ltr'><strong>Triplex</strong></span> <span class='ocrx_word' id='word_1_138' title='bbox 382 2256 421 2302; x_wconf 87' lang='lat' dir='ltr'><strong>est</strong></span> <span class='ocrx_word' id='word_1_139' title='bbox 445 2248 580 2316; x_wconf 85' lang='lat' dir='ltr'><strong>superbla,</strong></span> <span class='ocrx_word' id='word_1_140' title='bbox 602 2254 627 2302; x_wconf 93' lang='lat' dir='ltr'><strong>et</strong></span> <span class='ocrx_word' id='word_1_141' title='bbox 651 2251 702 2303; x_wconf 85' lang='lat' dir='ltr'><strong>itoc</strong></span> <span class='ocrx_word' id='word_1_142' title='bbox 724 2251 817 2302; x_wconf 89' lang='lat' dir='ltr'><strong>vitium</strong></span> <span class='ocrx_word' id='word_1_143' title='bbox 843 2252 986 2316; x_wconf 86' lang='lat' dir='ltr'><strong>praecipue</strong></span> 
     </span>
     <span class='ocr_line' id='line_1_23' title="bbox 256 2336 1074 2403; baseline 0.001 -14"><span class='ocrx_word' id='word_1_144' title='bbox 256 2337 366 2403; x_wconf 88' lang='lat' dir='ltr'><strong>impedit</strong></span> <span class='ocrx_word' id='word_1_145' title='bbox 385 2351 441 2402; x_wconf 88' lang='lat' dir='ltr'><strong>nos,</strong></span> <span class='ocrx_word' id='word_1_146' title='bbox 456 2351 489 2392; x_wconf 89' lang='lat' dir='ltr'><strong>ne</strong></span> <span class='ocrx_word' id='word_1_147' title='bbox 508 2340 608 2392; x_wconf 89' lang='lat' dir='ltr'><strong>maiora</strong></span> <span class='ocrx_word' id='word_1_148' title='bbox 625 2338 695 2392; x_wconf 87' lang='lat' dir='ltr'><strong>bona</strong></span> <span class='ocrx_word' id='word_1_149' title='bbox 712 2338 796 2392; x_wconf 89' lang='lat' dir='ltr'><strong>aDeo</strong></span> <span class='ocrx_word' id='word_1_150' title='bbox 814 2340 985 2403; x_wconf 88' lang='lat' dir='ltr'><strong>accipiamus.</strong></span> <span class='ocrx_word' id='word_1_151' title='bbox 1039 2336 1074 2390; x_wconf 79' lang='lat'><strong>95</strong></span> 
     </span>
    </p>

    <p class='ocr_par' dir='ltr' id='par_1_13' title="bbox 135 2426 1075 2673">
     <span class='ocr_line' id='line_1_24' title="bbox 136 2426 985 2495; baseline 0.005 -19"><span class='ocrx_word' id='word_1_152' title='bbox 136 2446 150 2476; x_wconf 70' lang='lat' dir='ltr'><strong>s</strong></span> <span class='ocrx_word' id='word_1_153' title='bbox 192 2428 246 2481; x_wconf 84' lang='lat' dir='ltr'><strong>illl.</strong></span> <span class='ocrx_word' id='word_1_154' title='bbox 265 2428 335 2481; x_wconf 88' lang='lat' dir='ltr'><strong>Bona</strong></span> <span class='ocrx_word' id='word_1_155' title='bbox 356 2433 441 2481; x_wconf 89' lang='lat' dir='ltr'><strong>nostra</strong></span> <span class='ocrx_word' id='word_1_156' title='bbox 466 2434 492 2480; x_wconf 90' lang='lat' dir='ltr'><strong>et</strong></span> <span class='ocrx_word' id='word_1_157' title='bbox 516 2429 584 2480; x_wconf 88' lang='lat' dir='ltr'><strong>mala</strong></span> <span class='ocrx_word' id='word_1_158' title='bbox 609 2426 739 2481; x_wconf 88' lang='lat' dir='ltr'><strong>debemus</strong></span> <span class='ocrx_word' id='word_1_159' title='bbox 758 2427 919 2495; x_wconf 84' lang='lat' dir='ltr'><strong>quandoque</strong></span> <span class='ocrx_word' id='word_1_160' title='bbox 942 2427 985 2480; x_wconf 87' lang='lat' dir='ltr'><strong>ho·</strong></span> 
     </span>
     <span class='ocr_line' id='line_1_25' title="bbox 255 2514 1075 2584; baseline -0.005 -14"><span class='ocrx_word' id='word_1_161' title='bbox 255 2516 372 2572; x_wconf 83' lang='lat' dir='ltr'><strong>minibus</strong></span> <span class='ocrx_word' id='word_1_162' title='bbox 390 2517 536 2582; x_wconf 85' lang='lat' dir='ltr'><strong>ostendere,</strong></span> <span class='ocrx_word' id='word_1_163' title='bbox 556 2515 717 2584; x_wconf 87' lang='lat' dir='ltr'><strong>quandoque</strong></span> <span class='ocrx_word' id='word_1_164' title='bbox 736 2517 892 2570; x_wconf 88' lang='lat' dir='ltr'><strong>occultare.</strong></span> <span class='ocrx_word' id='word_1_165' title='bbox 932 2555 938 2568; x_wconf 88' lang='lat'><em>.</em></span> <span class='ocrx_word' id='word_1_166' title='bbox 977 2553 984 2566; x_wconf 92' lang='lat'><em>.</em></span> <span class='ocrx_word' id='word_1_167' title='bbox 1041 2514 1075 2566; x_wconf 86' lang='grc'>87</span> 
     </span>
     <span class='ocr_line' id='line_1_26' title="bbox 135 2603 1075 2673; baseline -0.003 -15"><span class='ocrx_word' id='word_1_168' title='bbox 135 2624 149 2653; x_wconf 74' lang='grc' dir='ltr'><strong><em>ι</em></strong></span> <span class='ocrx_word' id='word_1_169' title='bbox 190 2605 254 2660; x_wconf 88' lang='lat' dir='ltr'><strong>Xlll.</strong></span> <span class='ocrx_word' id='word_1_170' title='bbox 274 2607 360 2672; x_wconf 81' lang='lat' dir='ltr'><strong>Quare</strong></span> <span class='ocrx_word' id='word_1_171' title='bbox 378 2607 510 2673; x_wconf 87' lang='lat' dir='ltr'><strong>appetitus</strong></span> <span class='ocrx_word' id='word_1_172' title='bbox 529 2606 662 2659; x_wconf 90' lang='lat' dir='ltr'><strong>commodi</strong></span> <span class='ocrx_word' id='word_1_173' title='bbox 681 2605 759 2659; x_wconf 89' lang='lat' dir='ltr'><strong>datus</strong></span> <span class='ocrx_word' id='word_1_174' title='bbox 777 2605 854 2658; x_wconf 88' lang='lat' dir='ltr'><strong>luerit</strong></span> <span class='ocrx_word' id='word_1_175' title='bbox 877 2605 986 2658; x_wconf 86' lang='lat' dir='ltr'><strong>nomini.</strong></span> <span class='ocrx_word' id='word_1_176' title='bbox 1040 2603 1075 2656; x_wconf 89' lang='grc'><strong>88</strong></span> 
     </span>
    </p>

    <p class='ocr_par' dir='ltr' id='par_1_14' title="bbox 136 2693 1075 2835">
     <span class='ocr_line' id='line_1_27' title="bbox 136 2693 985 2759; baseline 0.004 -18"><span class='ocrx_word' id='word_1_177' title='bbox 136 2709 151 2741; x_wconf 72' lang='lat' dir='ltr'><strong>s</strong></span> <span class='ocrx_word' id='word_1_178' title='bbox 190 2694 259 2747; x_wconf 87' lang='lat' dir='ltr'><strong>XlV.</strong></span> <span class='ocrx_word' id='word_1_179' title='bbox 278 2695 415 2759; x_wconf 82' lang='lat' dir='ltr'><strong>appetitas</strong></span> <span class='ocrx_word' id='word_1_180' title='bbox 440 2693 592 2746; x_wconf 89' lang='lat' dir='ltr'><strong>deliciarum</strong></span> <span class='ocrx_word' id='word_1_181' title='bbox 620 2693 794 2758; x_wconf 87' lang='lat' dir='ltr'><strong>spiritualium</strong></span> <span class='ocrx_word' id='word_1_182' title='bbox 821 2707 851 2745; x_wconf 85' lang='lat' dir='ltr'><strong>ex</strong></span> <span class='ocrx_word' id='word_1_183' title='bbox 878 2699 985 2756; x_wconf 86' lang='lat' dir='ltr'><strong>peccato</strong></span> 
     </span>
     <span class='ocr_line' id='line_1_28' title="bbox 256 2781 1075 2835; baseline 0 -2"><span class='ocrx_word' id='word_1_184' title='bbox 256 2788 372 2835; x_wconf 87' lang='lat' dir='ltr'><strong>mutatus</strong></span> <span class='ocrx_word' id='word_1_185' title='bbox 390 2787 429 2835; x_wconf 88' lang='lat' dir='ltr'><strong>est</strong></span> <span class='ocrx_word' id='word_1_186' title='bbox 448 2784 473 2835; x_wconf 96' lang='lat' dir='ltr'><strong>ln</strong></span> <span class='ocrx_word' id='word_1_187' title='bbox 493 2783 610 2835; x_wconf 88' lang='lat' dir='ltr'><strong>carnales</strong></span> <span class='ocrx_word' id='word_1_188' title='bbox 629 2782 736 2835; x_wconf 85' lang='lat' dir='ltr'><strong>delicias</strong></span> <span class='ocrx_word' id='word_1_189' title='bbox 756 2818 985 2834; x_wconf 88' lang='grc'><strong>......</strong></span> <span class='ocrx_word' id='word_1_190' title='bbox 1040 2781 1075 2833; x_wconf 89' lang='grc'><strong>88</strong></span> 
     </span>
    </p>

    <p class='ocr_par' dir='ltr' id='par_1_15' title="bbox 136 2871 1069 3025">
     <span class='ocr_line' id='line_1_29' title="bbox 136 2871 984 2936; baseline 0.005 -16"><span class='ocrx_word' id='word_1_191' title='bbox 136 2890 149 2920; x_wconf 67' lang='lat' dir='ltr'>n</span> <span class='ocrx_word' id='word_1_192' title='bbox 190 2872 250 2925; x_wconf 84' lang='lat' dir='ltr'><strong>XV.</strong></span> <span class='ocrx_word' id='word_1_193' title='bbox 268 2872 360 2926; x_wconf 88' lang='lat' dir='ltr'><strong>Omnia</strong></span> <span class='ocrx_word' id='word_1_194' title='bbox 380 2873 443 2924; x_wconf 89' lang='lat' dir='ltr'><strong>vitia</strong></span> <span class='ocrx_word' id='word_1_195' title='bbox 462 2877 488 2924; x_wconf 91' lang='lat' dir='ltr'><strong>et</strong></span> <span class='ocrx_word' id='word_1_196' title='bbox 506 2879 611 2936; x_wconf 88' lang='lat' dir='ltr'><strong>paccata</strong></span> <span class='ocrx_word' id='word_1_197' title='bbox 637 2883 668 2924; x_wconf 84' lang='lat' dir='ltr'><strong>ex</strong></span> <span class='ocrx_word' id='word_1_198' title='bbox 692 2885 747 2924; x_wconf 92' lang='lat' dir='ltr'><strong>uno</strong></span> <span class='ocrx_word' id='word_1_199' title='bbox 766 2871 836 2924; x_wconf 87' lang='lat' dir='ltr'><strong>tonte</strong></span> <span class='ocrx_word' id='word_1_200' title='bbox 855 2872 984 2935; x_wconf 76' lang='lat' dir='ltr'><strong>eduntur,</strong></span> 
     </span>
     <span class='ocr_line' id='line_1_30' title="bbox 255 2959 1069 3025; baseline -0.004 -11"><span class='ocrx_word' id='word_1_201' title='bbox 255 2960 352 3014; x_wconf 86' lang='lat' dir='ltr'><strong>scillcet</strong></span> <span class='ocrx_word' id='word_1_202' title='bbox 369 2975 400 3013; x_wconf 85' lang='lat' dir='ltr'><strong>ex</strong></span> <span class='ocrx_word' id='word_1_203' title='bbox 420 2959 543 3025; x_wconf 87' lang='lat' dir='ltr'><strong>superbla</strong></span> <span class='ocrx_word' id='word_1_204' title='bbox 576 2996 986 3014; x_wconf 86' lang='grc'><strong>..........</strong></span> <span class='ocrx_word' id='word_1_205' title='bbox 1023 2959 1069 3011; x_wconf 90' lang='grc'><strong>101</strong></span> 
     </span>
    </p>

    <p class='ocr_par' dir='ltr' id='par_1_16' title="bbox 136 3047 1071 3204">
     <span class='ocr_line' id='line_1_31' title="bbox 136 3047 1002 3116; baseline 0 -19"><span class='ocrx_word' id='word_1_206' title='bbox 136 3069 150 3097; x_wconf 73' lang='lat' dir='ltr'><strong>a</strong></span> <span class='ocrx_word' id='word_1_207' title='bbox 189 3049 258 3104; x_wconf 85' lang='lat' dir='ltr'><strong>xvi.</strong></span> <span class='ocrx_word' id='word_1_208' title='bbox 280 3049 306 3102; x_wconf 94' lang='lat' dir='ltr'><strong>ln</strong></span> <span class='ocrx_word' id='word_1_209' title='bbox 326 3048 402 3103; x_wconf 90' lang='lat' dir='ltr'><strong>nobis</strong></span> <span class='ocrx_word' id='word_1_210' title='bbox 420 3055 459 3102; x_wconf 87' lang='lat' dir='ltr'><strong>est</strong></span> <span class='ocrx_word' id='word_1_211' title='bbox 477 3047 642 3116; x_wconf 84' lang='lat' dir='ltr'><strong>quadruplex</strong></span> <span class='ocrx_word' id='word_1_212' title='bbox 662 3047 780 3102; x_wconf 88' lang='lat' dir='ltr'><strong>detectas</strong></span> <span class='ocrx_word' id='word_1_213' title='bbox 804 3049 931 3102; x_wconf 87' lang='lat' dir='ltr'><strong>inclinans</strong></span> <span class='ocrx_word' id='word_1_214' title='bbox 949 3047 1002 3102; x_wconf 89' lang='lat' dir='ltr'><strong>ad.</strong></span> 
     </span>
     <span class='ocr_line' id='line_1_32' title="bbox 255 3138 1071 3204; baseline -0.001 -13"><span class='ocrx_word' id='word_1_215' title='bbox 255 3139 355 3191; x_wconf 89' lang='lat' dir='ltr'><strong>malum</strong></span> <span class='ocrx_word' id='word_1_216' title='bbox 374 3143 400 3192; x_wconf 92' lang='lat' dir='ltr'><strong>et</strong></span> <span class='ocrx_word' id='word_1_217' title='bbox 418 3151 548 3204; x_wconf 76' lang='lat' dir='ltr'><strong>generans</strong></span> <span class='ocrx_word' id='word_1_218' title='bbox 565 3146 666 3204; x_wconf 86' lang='lat' dir='ltr'><strong>septem</strong></span> <span class='ocrx_word' id='word_1_219' title='bbox 690 3139 809 3203; x_wconf 88' lang='lat' dir='ltr'><strong>capitalia</strong></span> <span class='ocrx_word' id='word_1_220' title='bbox 828 3140 891 3191; x_wconf 89' lang='lat' dir='ltr'><strong>vitta</strong></span> <span class='ocrx_word' id='word_1_221' title='bbox 930 3179 936 3192; x_wconf 88' lang='lat'><em>.</em></span> <span class='ocrx_word' id='word_1_222' title='bbox 974 3176 982 3190; x_wconf 90' lang='lat'><strong>.</strong></span> <span class='ocrx_word' id='word_1_223' title='bbox 1021 3138 1071 3191; x_wconf 85' lang='lat' dir='ltr'><strong>toa</strong></span> 
     </span>
    </p>

    <p class='ocr_par' dir='ltr' id='par_1_17' title="bbox 21 3227 1073 3666">
     <span class='ocr_line' id='line_1_33' title="bbox 134 3227 984 3295; baseline 0.005 -19"><span class='ocrx_word' id='word_1_224' title='bbox 134 3246 148 3276; x_wconf 72' lang='grc' dir='ltr'><strong>ι</strong></span> <span class='ocrx_word' id='word_1_225' title='bbox 189 3227 268 3282; x_wconf 88' lang='lat' dir='ltr'><strong>xvtt.</strong></span> <span class='ocrx_word' id='word_1_226' title='bbox 288 3227 356 3295; x_wconf 89' lang='lat' dir='ltr'><strong>Quid</strong></span> <span class='ocrx_word' id='word_1_227' title='bbox 376 3230 409 3281; x_wconf 88' lang='lat' dir='ltr'><strong>sit</strong></span> <span class='ocrx_word' id='word_1_228' title='bbox 426 3229 586 3295; x_wconf 77' lang='lat' dir='ltr'><strong>expugnatio</strong></span> <span class='ocrx_word' id='word_1_229' title='bbox 599 3229 732 3294; x_wconf 89' lang='lat' dir='ltr'><strong>vitiorum,</strong></span> <span class='ocrx_word' id='word_1_230' title='bbox 745 3236 772 3282; x_wconf 90' lang='lat' dir='ltr'><strong>et</strong></span> <span class='ocrx_word' id='word_1_231' title='bbox 783 3227 818 3281; x_wconf 90' lang='lat' dir='ltr'><strong>de</strong></span> <span class='ocrx_word' id='word_1_232' title='bbox 834 3228 927 3281; x_wconf 91' lang='lat' dir='ltr'><strong>aiiectu</strong></span> <span class='ocrx_word' id='word_1_233' title='bbox 941 3241 984 3280; x_wconf 88' lang='lat' dir='ltr'><strong>su·</strong></span> 
     </span>
     <span class='ocr_line' id='line_1_34' title="bbox 256 3315 1073 3382; baseline 0.002 -13"><span class='ocrx_word' id='word_1_234' title='bbox 256 3315 363 3382; x_wconf 79' lang='lat' dir='ltr'><strong>peronae</strong></span> <span class='ocrx_word' id='word_1_235' title='bbox 397 3354 983 3371; x_wconf 87' lang='grc'><strong>..............</strong></span> <span class='ocrx_word' id='word_1_236' title='bbox 1022 3316 1073 3371; x_wconf 84' lang='lat' dir='ltr'><strong>tut</strong></span> 
     </span>
     <span class='ocr_line' id='line_1_35' title="bbox 21 3405 1071 3474; baseline 0.005 -19"><span class='ocrx_word' id='word_1_237' title='bbox 21 3471 22 3474; x_wconf 8' lang='grc' dir='ltr'><strong>Ἴ</strong></span> <span class='ocrx_word' id='word_1_238' title='bbox 134 3425 149 3455; x_wconf 71' lang='lat' dir='ltr'><strong>a</strong></span> <span class='ocrx_word' id='word_1_239' title='bbox 188 3405 279 3458; x_wconf 86' lang='lat' dir='ltr'><strong>XVlll.</strong></span> <span class='ocrx_word' id='word_1_240' title='bbox 297 3405 385 3472; x_wconf 90' lang='lat' dir='ltr'><strong>Quare</strong></span> <span class='ocrx_word' id='word_1_241' title='bbox 403 3408 503 3460; x_wconf 88' lang='lat' dir='ltr'><strong>homini</strong></span> <span class='ocrx_word' id='word_1_242' title='bbox 522 3405 599 3460; x_wconf 89' lang='lat' dir='ltr'><strong>datus</strong></span> <span class='ocrx_word' id='word_1_243' title='bbox 618 3408 650 3460; x_wconf 88' lang='lat' dir='ltr'><strong>sit</strong></span> <span class='ocrx_word' id='word_1_244' title='bbox 667 3407 776 3461; x_wconf 78' lang='lat' dir='ltr'><strong>affectus</strong></span> <span class='ocrx_word' id='word_1_245' title='bbox 794 3405 938 3460; x_wconf 89' lang='lat' dir='ltr'><strong>invidiae.</strong></span> <span class='ocrx_word' id='word_1_246' title='bbox 975 3444 982 3459; x_wconf 92' lang='lat'>.</span> <span class='ocrx_word' id='word_1_247' title='bbox 1019 3406 1071 3460; x_wconf 85' lang='grc'><strong>101</strong></span> 
     </span>
     <span class='ocr_line' id='line_1_36' title="bbox 21 3493 1072 3582; baseline 0.005 -39"><span class='ocrx_word' id='word_1_248' title='bbox 21 3539 23 3582; x_wconf 66' lang='grc' dir='ltr'>Ι</span> <span class='ocrx_word' id='word_1_249' title='bbox 133 3512 146 3543; x_wconf 75' lang='grc' dir='ltr'><strong>ι</strong></span> <span class='ocrx_word' id='word_1_250' title='bbox 188 3493 260 3548; x_wconf 84' lang='lat' dir='ltr'><strong>xix.</strong></span> <span class='ocrx_word' id='word_1_251' title='bbox 279 3493 366 3560; x_wconf 89' lang='lat' dir='ltr'><strong>Quare</strong></span> <span class='ocrx_word' id='word_1_252' title='bbox 385 3495 484 3547; x_wconf 85' lang='lat' dir='ltr'><strong>homini</strong></span> <span class='ocrx_word' id='word_1_253' title='bbox 504 3494 582 3547; x_wconf 88' lang='lat' dir='ltr'><strong>datus</strong></span> <span class='ocrx_word' id='word_1_254' title='bbox 600 3496 633 3546; x_wconf 90' lang='lat' dir='ltr'><strong>sit</strong></span> <span class='ocrx_word' id='word_1_255' title='bbox 650 3495 758 3549; x_wconf 80' lang='lat' dir='ltr'><strong>allectus</strong></span> <span class='ocrx_word' id='word_1_256' title='bbox 776 3496 849 3548; x_wconf 89' lang='lat' dir='ltr'><strong>irae.</strong></span> <span class='ocrx_word' id='word_1_257' title='bbox 887 3533 894 3547; x_wconf 93' lang='lat'><strong>.</strong></span> <span class='ocrx_word' id='word_1_258' title='bbox 932 3533 939 3547; x_wconf 94' lang='lat'><strong>.</strong></span> <span class='ocrx_word' id='word_1_259' title='bbox 976 3533 983 3547; x_wconf 93' lang='lat'>.</span> <span class='ocrx_word' id='word_1_260' title='bbox 1020 3494 1072 3548; x_wconf 85' lang='grc'><strong>105</strong></span> 
     </span>
     <span class='ocr_line' id='line_1_37' title="bbox 21 3581 1070 3666; baseline 0.004 -34"><span class='ocrx_word' id='word_1_261' title='bbox 21 3589 23 3666; x_wconf 59' lang='lat' dir='ltr'><strong>t</strong></span> <span class='ocrx_word' id='word_1_262' title='bbox 134 3601 147 3632; x_wconf 72' lang='grc' dir='ltr'><strong>ι</strong></span> <span class='ocrx_word' id='word_1_263' title='bbox 188 3581 249 3635; x_wconf 87' lang='lat' dir='ltr'><strong>XX.</strong></span> <span class='ocrx_word' id='word_1_264' title='bbox 268 3581 355 3649; x_wconf 87' lang='lat' dir='ltr'><strong>Quare</strong></span> <span class='ocrx_word' id='word_1_265' title='bbox 374 3583 473 3636; x_wconf 84' lang='lat' dir='ltr'><strong>nomini</strong></span> <span class='ocrx_word' id='word_1_266' title='bbox 492 3583 569 3638; x_wconf 85' lang='lat' dir='ltr'><strong>datus</strong></span> <span class='ocrx_word' id='word_1_267' title='bbox 587 3585 620 3636; x_wconf 84' lang='lat' dir='ltr'><strong>stt</strong></span> <span class='ocrx_word' id='word_1_268' title='bbox 638 3584 745 3638; x_wconf 87' lang='lat' dir='ltr'><strong>allectus</strong></span> <span class='ocrx_word' id='word_1_269' title='bbox 767 3585 892 3638; x_wconf 89' lang='lat' dir='ltr'><strong>tristitiae.</strong></span> <span class='ocrx_word' id='word_1_270' title='bbox 930 3622 937 3636; x_wconf 93' lang='lat'><strong><em>.</em></strong></span> <span class='ocrx_word' id='word_1_271' title='bbox 975 3623 982 3638; x_wconf 91' lang='lat'><strong>.</strong></span> <span class='ocrx_word' id='word_1_272' title='bbox 1019 3583 1070 3637; x_wconf 88' lang='grc'><strong>106</strong></span> 
     </span>
    </p>
   </div>
   <div class='ocr_carea' id='block_1_4' title="bbox 0 0 1376 4320">
    <p class='ocr_par' dir='ltr' id='par_1_18' title="bbox 0 0 1376 4320">
     <span class='ocr_line' id='line_1_38' title="bbox 0 0 1376 4320; baseline 0 0"><span class='ocrx_word' id='word_1_273' title='bbox 0 0 1376 4320; x_wconf 95' lang='lat' dir='ltr'><strong> </strong></span> 
     </span>
    </p>
   </div>
  </div>
 </body>
</html>
