2808 4318
301 243 364 308 l8lr
655 264 744 310 urana
766 263 904 311 ruamus.

299 367 404 453 ipsum
440 369 573 454 pauperi
610 387 762 454 magnum
794 369 894 436 videri
920 370 1036 450 debet;
1071 371 1218 439 Psalmus
1235 371 1264 437 ¹:

301 474 390 558 Quid
411 482 458 540 est
480 472 587 554 domo,
611 476 701 564 quod
734 495 859 542 mentor
889 495 923 542 es
953 476 1049 556 eiuc,·
1072 487 1136 544 eut
1164 476 1264 562 filius

299 579 454 660 dominic,
477 582 637 670 quonium
659 583 778 650 visites
800 581 900 648 eum?

388 691 418 754 9.
443 689 587 756 Minimas
610 690 705 757 etiam
729 689 841 775 culpas
864 707 978 758 cavere
1002 691 1168 772 docemur,
1184 691 1268 778 quia

302 795 478 861 timendum
504 795 595 861 uobis
617 804 675 875 est,
698 813 738 862 ne
761 796 843 862 forte
865 812 908 861 ex
940 795 1043 881 culpis
1078 797 1196 864 uostris
1232 805 1269 864 et

299 902 525 988 ingratitudine
549 904 650 988 gratia
673 904 714 970 sit
737 903 828 969 nobis
851 904 1024 984 subtracta,
1048 913 1085 971 ut
1107 923 1179 972 eam
1216 923 1268 971 re

300 1025 491 1095 cuperemus
515 1011 655 1077 cavendo
679 1009 895 1095 negligentias,
920 1029 1016 1097 quam
1033 1011 1201 1080 amisimus
1218 1011 1268 1078 in·

230 1147 233 1156 =
300 1125 393 1184 cauta
410 1116 572 1196 libertate;
590 1117 828 1184 Ecclesiasticus
843 1117 870 1182 ²:
897 1117 965 1201 Qui
977 1118 1105 1203 spernit
1127 1119 1269 1186 modico

295 1222 464 1310 paulatim
499 1224 631 1290 decidet.
669 1219 862 1309 drrglrstinus
877 1224 902 1289 ³:
940 1249 957 1283 α
973 1225 1084 1292 Vitasti
1115 1225 1266 1312 grandia,

298 1347 385 1412 cave,
409 1349 448 1398 ue
471 1332 619 1399 obruaris
642 1349 739 1398 arena
755 1357 785 1396 ι.
812 1331 1014 1398 Ecclesiastes
1030 1333 1060 1397 ⁴:
1087 1333 1155 1416 Qui
1170 1333 1266 1400 timet

299 1437 404 1504 Deum
427 1436 513 1505 niltil
534 1438 679 1526 negligit.
705 1439 750 1505 Ex
775 1439 915 1504 minimis
938 1438 1036 1524 guttis
1068 1439 1265 1525 multiplica-

228 1553 230 1560 ·
299 1543 338 1612 tis
362 1545 583 1613 inundationes
607 1563 764 1631 aquarum
788 1544 880 1624 liunt,
904 1561 986 1629 quae
1013 1545 1108 1611 etiam
1146 1562 1266 1630 magna

298 1651 489 1738 quandoque
515 1653 637 1719 moenia
661 1652 833 1719 subruunt.
859 1651 917 1718 Per
949 1651 1106 1718 modicam
1144 1653 1264 1718 rimam

298 1777 382 1844 aqua
406 1759 539 1826 latenter
563 1758 593 1824 in
619 1777 732 1826 navam
757 1757 870 1838 influit,
894 1758 994 1825 donec
1029 1758 1264 1844 submergitur.

389 1866 419 1933 3.
444 1866 571 1933 llinirna
595 1866 688 1934 etiam
713 1867 850 1933 adversa
866 1866 1002 1933 tolerare
1025 1883 1264 1946 assuescamus,

298 1974 374 2060 quia
398 1974 518 2040 maiora
541 1991 602 2040 non
628 1981 760 2058 superat
783 1974 837 2059 qni
871 1973 994 2039 minora
1018 1990 1173 2058 superare
1196 1990 1264 2038 uon

299 2080 400 2148 discit.
426 2079 514 2147 Multi
537 2088 646 2166 optant
670 2098 729 2165 pro
752 2079 877 2146 Christo
901 2080 992 2156 mori,
1017 2079 1072 2165 qui
1097 2097 1155 2165 pro
1171 2079 1265 2146 Clari·

298 2197 347 2256 sto
370 2188 482 2255 uolunt
506 2189 604 2254 veroa
629 2188 710 2254 levia
734 2193 808 2274 pati.
833 2186 893 2254 Sed
910 2205 1004 2273 quem
1023 2195 1121 2254 terret
1137 2187 1264 2254 sonitus

301 2295 365 2362 lolii
391 2295 536 2374 volantiS,
560 2295 721 2381 quomodo
743 2295 916 2362 sustineret
939 2295 1037 2360 ictum
1070 2293 1167 2380 gladii
1199 2302 1264 2361 ter·

299 2398 436 2466 ribiliter
460 2400 638 2467 vibrantis?
663 2400 829 2467 Discamus
845 2417 920 2486 ergo
936 2399 1042 2466 omnia
1058 2407 1187 2485 peccata
1200 2417 1264 2484 pro

295 2525 388 2593 posse
412 2525 534 2587 cavere,
559 2514 590 2574 et
615 2525 672 2591 pro
695 2506 755 2588 his,
779 2525 861 2593 quae
891 2508 1036 2587 lecimus,
1066 2507 1173 2572 omnia
1203 2507 1263 2574 ad-

297 2631 390 2681 versa
415 2614 578 2682 humililer
603 2615 666 2699 pati
691 2622 722 2681 et
751 2614 901 2680 omnibus
931 2613 1091 2681 beneficiis
1120 2613 1175 2679 Dei
1207 2613 1264 2681 de·

297 2719 395 2787 bitam
425 2720 710 2788 considerationem
735 2739 808 2788 cum
833 2721 1010 2806 gratiarum
1033 2720 1155 2786 actione
1179 2737 1264 2787 sem·

297 2843 355 2913 per
378 2827 533 2894 exhibere
557 2836 588 2894 et
607 2827 760 2914 gratiam
785 2827 934 2894 Daimon
969 2827 1005 2894 in
1039 2843 1187 2894 vacuum
1210 2845 1265 2892 re·

297 2933 405 3019 cipere
419 2935 430 2970 ⁵
438 2958 450 3011 ;
474 2942 505 3002 el
529 2935 614 3019 digni
639 2935 770 3014 erimus,
794 2942 832 3002 ut
855 2935 957 3020 gratia
979 2934 1071 3002 nobis
1093 2933 1264 3001 subtracta

297 3038 391 3105 etiam
416 3047 619 3126 augmentata
642 3039 808 3122 reddatur,
839 3048 871 3107 et
901 3041 940 3107 ad
975 3057 1125 3126 magnum
1159 3038 1264 3124 prole

297 3153 384 3213 ctum
410 3147 537 3214 virtutis
559 3147 727 3233 pervenire
752 3164 944 3214 mereamur.

368 3323 438 3379 ²rs.
458 3327 483 3390 a,
502 3328 528 3380 s.
847 3324 942 3393 'cau
962 3327 1004 3392 ts,
1024 3327 1048 3379 r.

367 3409 513 3469 ’Enarrat
532 3418 557 3468 ln
587 3416 627 3469 ΡΒ.
647 3417 690 3468 39.
719 3430 744 3468 n.
763 3417 808 3470 99.
826 3423 854 3469 et
881 3417 974 3470 Sermo
992 3415 1019 3468 9.
1037 3415 1112 3482 (alius
1139 3415 1196 3482 96.)
1226 3416 1265 3471 de

297 3501 438 3568 Tempore,
457 3519 480 3557 c.
500 3505 542 3557 lt.
562 3519 588 3558 n.
609 3505 650 3558 tl.

367 3588 460 3660 ‘Can
480 3595 506 3658 7,
529 3595 569 3648 ts.
849 3596 905 3648 lll.
925 3594 986 3650 Gor.
1004 3597 1030 3662 6,
1049 3597 1074 3650 l.
