819 1202
223 113 255 129 370
403 117 448 129 uuna
459 117 528 129 rannus

223 145 249 164 tia,
262 146 279 161 ut
291 149 311 161 ex
325 145 355 161 hoc
370 144 454 161 eruditior
472 144 489 161 in
503 144 563 166 qratia
579 144 616 165 fiat,
633 145 678 166 quod
697 149 706 161 a

222 171 255 188 Deo
267 171 292 191 sit„
304 175 335 187 non
347 171 368 188 ab
380 171 450 191 homine,
461 175 498 188 euin
511 175 542 187 nou
553 173 605 193 potest
612 176 647 188 eam
657 172 706 188 bomo
735 166 736 170 ¹

222 202 252 219 pro
263 198 345 215 voluntate
357 198 419 215 arbitrii
432 198 457 214 sui
470 198 534 217 habere,
545 198 573 215 sed
585 198 634 218 Dens,
642 198 669 220 qui
678 198 705 215 dat
735 198 736 210 l

222 229 243 241 ex
255 229 278 244 se,
290 225 354 246 quando
366 224 406 244 vuit,
424 224 499 244 infundit,
510 226 526 241 et
540 224 606 246 quando
618 225 658 244 vult,
669 224 705 241 sub-

223 251 277 271 trahit,
289 254 337 273 prout
348 251 378 268 sibi
390 251 442 273 placet
458 253 474 268 et
486 254 533 273 prout
549 251 633 273 accipienti
646 251 705 268 iudicat

222 278 318 298 convenire3
331 278 374 297 item,
386 278 428 300 quod
441 282 476 295 earn
489 283 509 295 ex
522 278 572 299 gratia
584 282 615 295 sua
629 278 662 298 dat,
674 283 703 295 uon

222 310 252 327 pro
270 305 331 322 meritis
349 305 423 325 hominis,
435 305 478 326 quia,
495 305 508 322 si
523 305 569 322 daret
587 309 656 327 semper,
667 310 704 322 curn

222 332 311 353 quaeritur,
323 334 339 349 et
351 336 381 348 non
394 332 445 351 daret,
457 332 487 348 nisi
499 334 611 353 quaereretur,
619 334 704 353 putaretur

223 359 254 375 iam
266 361 328 375 tantum
340 359 379 375 dare
391 358 480 376 secundum
493 359 550 375 merita
562 359 678 380 requirentium
689 361 704 376 et

222 390 254 402 nun
266 385 354 403 secundum
367 385 427 407 gratiae
436 385 557 405 liberalitatem:
565 385 602 402 ideo
609 386 704 407 quandoque

223 412 294 429 studiose
306 412 421 434 quaerentibus
433 414 480 433 negat
491 416 512 429 ex
525 412 585 429 iustitia
593 414 609 429 et
617 417 647 429 nou
655 416 704 434 quae-

223 439 296 456 rentibus
307 439 404 460 quandoque
416 439 444 455 dat
455 443 476 455 ex
488 438 544 460 gratia.

267 465 283 482 Ιι.
296 465 340 482 Duae
352 467 389 482 sunt
401 465 443 482 enirn
456 465 551 482 tentationes
562 465 657 482 devotorum
666 465 704 482 satis

223 494 313 511 consuetae,
326 492 396 508 maxime
408 492 453 508 novis
465 494 481 508 et
498 491 604 513 imperfectis:
617 491 704 508 haesitatio

223 520 239 535 et
249 518 304 535 eliano.
316 518 405 535 Haeaeitant
416 518 458 535 enim
471 522 524 540 saepe,
539 523 559 535 an
571 523 581 535 a
593 518 625 535 Deo
636 519 657 535 sit
669 518 704 535 talis

223 545 280 566 gratia,
292 544 317 561 vel
330 545 378 561 horno
389 549 418 566 per
430 549 447 562 se
456 545 494 562 istus
503 547 555 561 motus
567 549 597 562 sno
604 547 662 562 conatu
670 549 704 566 pro

223 574 277 592 euret3
292 574 308 588 et
325 574 350 589 est
367 572 405 589 satis
422 572 513 593 importuna
531 573 601 589 tentatio.
616 572 704 593 Aliquando

223 598 270 615 etiam
283 598 347 615 videtur
359 598 425 619 homini,
437 599 481 620 quod
492 599 533 616 forte
551 599 601 620 possit
618 603 652 616 esse
670 599 705 615 dae-

224 626 275 642 monis
287 625 345 645 illusio,
357 628 373 642 et
385 625 402 642 fit
415 625 558 647 perplexus,un
567 626 664 647 quandoque
672 627 705 642 stu-

224 652 268 669 dium
281 652 369 669 devotionis
381 652 439 674 cogitat
450 652 515 669 omnino
532 654 628 674 postponere
642 654 658 669 et
669 652 706 669 sim-

224 679 286 701 pliciter
298 679 380 696 vocalibus
391 679 491 696 orationibus
506 680 522 696 et
536 679 646 696 exterioribus
656 679 705 696 actio-

224 706 272 722 nibus
283 705 335 722 solum
348 706 419 722 intentus
430 710 471 725 esse,
482 706 528 727 qnasi
541 705 597 722 inillis
605 706 626 722 sit
634 705 705 722 securior

224 737 272 754 quam
285 733 300 749 in
313 733 366 749 studio
378 732 449 749 internae
461 732 560 752 devotionis;
575 734 591 749 et
603 732 633 749 boo
645 732 705 754 praeei-

224 764 255 781 pue
267 759 333 780 patitur,
340 763 378 776 cnm
386 759 475 776 devotionis
487 759 538 780 gratia
545 759 652 779 subtrabitur,
659 759 704 775 etsie

224 786 311 807 dupliciter
322 786 418 802 tribulatur:
430 786 451 802 de
466 785 574 802 subtractione
586 785 647 807 gratiae
658 787 674 802 et
685 785 705 802 de

224 813 333 832 haesitatione,
345 813 358 830 si
370 813 419 830 fuerit
430 817 440 829 a
455 812 488 829 Deo
503 812 559 834 gratia,
570 817 620 834 quain
632 812 705 829 habebat.

224 840 249 857 Sic
261 839 335 861 discipuli
347 841 383 856 ante
395 839 458 861 plenam
471 839 540 861 Spiritus
551 839 601 856 sancti
614 839 705 856 missionem

225 871 272 889 saepe
284 866 380 883 vacillabant
392 867 407 883 in
426 866 457 883 tide
474 866 537 886 Christi,
549 866 588 883 dum
600 865 654 885 modo,
668 865 705 882 visis

224 893 259 910 eius
271 893 354 910 miraculis
366 895 381 910 et
389 893 474 910 excellenti
483 892 560 912 doctrina,
568 892 661 912 credebant,
668 896 704 909 eum

226 925 260 937 vsse
271 924 328 937 verum
340 920 368 937 Dei
381 920 443 939 Filium,
455 919 507 939 modu,
516 919 554 936 visis
562 919 597 936 eius
605 918 705 941 passionibus
734 918 735 934 l

227 951 255 967 pru
266 946 312 963 nobis
324 947 407 968 susceptis,
420 946 506 963 titubantes
518 946 623 966 haesitabant,
632 945 677 964 sicut,
684 949 703 961 eo
