2792 4318
293 254 336 302 bit
357 253 581 305 colteosrrtbrte
602 256 733 306 ttobtrtts
755 255 945 307 curamonta.
1059 241 1102 307 47
1156 231 1160 238 Ι

136 360 271 446 quando
295 360 491 447 inquinatur,
515 369 546 428 et
569 362 760 429 conscientia
784 362 931 442 laeditur,
947 369 979 430 et
999 362 1106 450 aliqua

101 531 106 534 .
136 467 224 534 bona
247 457 456 553 negliguntur
478 486 519 535 en
546 468 601 536 tali
625 471 841 556 occupatione.
874 469 909 538 Et
940 470 966 540 si
998 470 1106 556 aliqua

138 575 253 642 rideas
277 574 328 641 rel
351 575 464 644 audias
488 577 528 643 de
551 575 669 662 aliquo,
693 595 775 663 quae
798 595 859 644 non
883 577 1019 663 placent,
1037 593 1105 664 per·

139 682 242 748 transi
268 687 300 748 et
323 681 511 751 obliviscere
534 683 607 763 cito,
630 685 831 751 committens
854 701 891 752 aa
908 684 967 751 sibi
985 691 1016 752 et
1032 684 1106 764 beo,

138 788 295 868 maxime,
319 788 374 855 ubi
398 789 439 856 ad
462 796 493 856 te
517 807 579 856 non
604 797 725 876 spectat
740 791 810 858 eius
826 791 981 860 correctio
996 809 1036 858 er
1055 791 1108 858 de·

138 893 208 960 bito
224 894 409 979 magisterii,
426 894 477 962 uel
493 913 534 962 ex
552 896 659 964 sociali
676 895 899 977 familiaritate,
916 897 967 964 vel
983 897 1106 964 denun-

140 1000 243 1068 tiandi
270 1002 465 1070 necessitate.
955 1050 957 1054 .

151 1102 154 1108 ’
233 1111 264 1174 a.
290 1107 476 1194 compatere
499 1118 604 1178 tamen
629 1111 835 1196 peccantibus
858 1111 949 1196 quasi
975 1111 1005 1178 in
1029 1119 1107 1179 tem-

140 1214 322 1300 pestatibus
345 1215 443 1283 maris
467 1216 739 1301 naufragantibus,
763 1216 838 1302 quia
863 1217 954 1302 longe
979 1217 1107 1284 misera-

139 1320 242 1388 bilius
265 1329 314 1388 est
338 1320 370 1387 in
395 1320 499 1388 lacurn
536 1321 649 1390 inierni
674 1321 815 1407 demergi
849 1341 944 1410 quam
979 1323 1009 1390 in
1034 1341 1107 1410 pro

140 1427 281 1494 lundam
306 1428 405 1494 maris
427 1429 600 1514 submergi.
624 1428 689 1495 Ora
712 1446 771 1514 pro
794 1429 840 1496 eis
863 1436 894 1497 et
915 1429 1107 1514 plorabam

141 1541 244 1620 potes,
267 1551 309 1601 ex
333 1535 394 1602 boc
417 1535 500 1602 enim
526 1535 710 1615 mereberis,
735 1543 771 1602 ut
794 1535 923 1602 asimili
941 1535 1108 1621 naufragio

140 1641 314 1722 libereris;
350 1640 437 1708 beuti
472 1643 705 1709 misericordes
719 1645 743 1722 ¹,
778 1644 927 1731 quoniam
964 1644 1107 1729 ipsorum

138 1747 231 1814 Deus
256 1748 299 1814 ita
322 1747 538 1828 miserebitur,
561 1755 639 1816 uta
674 1748 803 1816 miseria
838 1748 1024 1817 liberentur.
1059 1747 1108 1816 Sic

138 1855 241 1922 etiarn
265 1854 408 1924 omnium
434 1855 626 1923 miscrorum
642 1854 827 1924 afflictiones
846 1856 953 1922 auimo
968 1863 1000 1923 et
1015 1855 1108 1925 oculo

139 1962 373 2047 compassionis
397 1962 521 2030 intuere
544 1969 576 2030 et
600 1963 741 2049 singulas
765 1981 876 2031 eorum
909 1964 1055 2032 miserias
1077 1971 1109 2032 et

139 2068 331 2156 gravamina
347 2069 488 2136 studiose
504 2078 653 2155 computa
670 2076 701 2136 et
717 2069 884 2155 diligenter
904 2070 1056 2156 pondera,
1073 2079 1110 2138 ut

140 2192 187 2242 ex
213 2173 263 2242 bis
287 2173 419 2242 allectus
443 2175 654 2263 miserationis
671 2175 700 2240 in
731 2184 760 2242 te
785 2176 1010 2261 pinguescant3
1026 2183 1058 2241 et
1083 2176 1108 2242 si

140 2299 227 2368 quas
251 2289 287 2348 to
311 2281 456 2349 miserias
472 2283 600 2367 pateris,
617 2281 671 2348 tibi
690 2282 825 2350 leviores
842 2283 873 2348 in
890 2299 1002 2350 eorum
1024 2299 1110 2348 coru-

140 2389 310 2476 paratione
335 2389 513 2456 rideantur.
529 2388 647 2474 Collige
662 2389 757 2456 etiam
775 2405 816 2456 ex
833 2388 894 2470 bis,
911 2406 993 2475 quae
1011 2389 1109 2471 rides,

140 2496 319 2582 passiones,
335 2495 471 2574 labores,
487 2495 613 2563 dolores
629 2502 660 2562 et
676 2503 880 2582 paupertates
896 2495 966 2562 lesu
983 2495 1110 2576 Cbristi,

142 2602 217 2691 qui,
238 2621 316 2668 com
339 2609 419 2668 esset
441 2602 543 2681 dives,
564 2621 630 2689 pro
654 2601 747 2667 nobis
770 2619 891 2688 egenos
913 2598 1109 2688 lactescat,

140 2717 183 2776 att
206 2707 300 2775 illius
322 2709 437 2796 inopie
453 2708 570 2776 divites
593 2710 624 2775 in
649 2708 838 2776 caelestibus
855 2726 912 2775 nos
927 2727 1072 2774 essemus
1085 2707 1107 2773 ¹.
1155 2752 1159 2758 -

465 2903 649 2974 carnotus
672 2903 787 2974 XXXV.

237 3064 284 3130 De
308 3062 417 3130 tribus
440 3063 541 3142 viliis,
567 3083 654 3154 qaae
677 3062 896 3130 cominando·
920 3061 1014 3148 opud

484 3167 631 3236 domines
653 3170 773 3256 otgerii.

238 3347 308 3415 Tria
334 3356 409 3416 suut
432 3347 509 3414 vitia
532 3348 714 3416 communia
737 3345 824 3432 apud
850 3345 1011 3414 homines:
1044 3345 1109 3432 pri-

145 3470 238 3521 mum
262 3461 310 3521 est
330 3453 486 3539 pronitas
509 3451 770 3539 reprehendendi
791 3469 874 3539 quae
898 3451 929 3518 in
961 3451 1033 3520 aliis
1064 3451 1109 3519 vi-

218 3575 227 3608 ¹
247 3579 336 3631 Mattb.
354 3577 379 3645 5,
397 3577 424 3631 7.
698 3575 758 3630 ⁸ll.
779 3574 839 3630 (lor.
859 3577 884 3643 8,
906 3577 932 3629 li.
