2742 4320
498 241 603 288 ruoux.
968 221 1032 289 386

67 343 137 398 Car.
156 345 234 400 XLV.
245 345 281 398 lle
291 343 374 400 tribus
384 344 512 412 gradibus
523 347 549 397 ln
560 350 710 410 contemptu
722 343 873 398 divitiarum
885 355 948 413 paq.
984 343 1036 396 272

97 453 113 483 8
153 434 242 489 XLVl.
260 434 297 488 De
315 433 455 487 sobrietate
473 435 583 502 eiusque
601 432 812 486 distinctionibus
849 470 857 487 .
894 471 901 485 .
938 471 946 486 .
982 432 1034 486 276

97 544 113 574 8
154 524 253 577 xlvii.
272 525 310 576 De
328 523 456 590 gradibus
474 522 624 576 sobrietatis·
627 559 946 575 ........
983 521 1035 575 273

96 632 113 660 8
153 612 263 666 xlviii.
282 612 371 665 Virtus
389 614 513 665 vitiorum
533 611 651 664 medium
670 618 741 666 tenet
759 647 945 664 .....
984 610 1036 664 282

100 719 114 749 8
155 700 245 754 Xle.
265 700 332 752 Vitia
351 700 512 768 quandoque
530 714 559 753 sc
578 713 636 753 csse
649 700 760 752 virtutes
779 699 948 763 mentiuntur,

218 796 244 843 et
261 791 344 844 virtus
363 789 523 858 quandoque
541 803 590 856 pro
608 791 672 842 vitio
691 789 854 855 despicitur.
891 826 899 842 .
936 827 943 842 .
980 787 1032 842 nai

100 898 115 927 8
155 879 184 932 L.
203 879 240 932 De
258 881 373 933 castitate
391 880 501 946 eiusque
521 877 673 933 utilitatibus
691 882 717 931 ct
735 879 906 948 acquisitione
941 916 948 931 .
983 877 1035 931 286

100 987 115 1017 8
156 968 193 1024 Ll.
212 969 250 1021 lie
268 967 396 1034 gradibus
415 969 537 1021 castitatis
538 1005 947 1022 ..........
984 967 1036 1020 283

203 1105 341 1162 hramous
359 1105 495 1178 capiimus,
514 1105 558 1178 qui
576 1105 605 1160 in
623 1105 755 1178 sapientis
773 1105 905 1162 consistit.

75 1249 141 1305 Car.
158 1249 208 1304 Lll.
225 1251 347 1318 Quinque
364 1256 425 1304 sunt
443 1249 539 1314 media,
558 1257 586 1304 ut
605 1251 733 1304 memoria
757 1249 854 1316 iugiter
878 1251 948 1304 circa

220 1340 304 1393 88688
323 1345 467 1405 occupetur
495 1375 948 1392 ...........
985 1338 1037 1392 nat

100 1447 114 1477 8
155 1429 213 1482 Llll.
232 1429 270 1481 lic
288 1428 372 1482 tribus
390 1428 477 1481 modis
493 1427 596 1493 orandi,
610 1435 636 1482 et
648 1430 735 1494 primo
748 1427 782 1481 de'
795 1427 880 1482 vocali
893 1441 948 1481 ora·

221 1519 291 1570 tione
316 1553 949 1571 ...............
985 1517 1036 1570 296

100 1627 115 1656 8
155 1608 218 1661 LlV.
236 1607 275 1660 De
293 1606 410 1660 secundo
428 1605 509 1660 modo
527 1605 620 1659 orandi
628 1643 904 1659 .......
921 1644 948 1680 ,·
985 1606 1037 1658 300

101 1715 117 1744 8
156 1695 212 1748 ΙΝ.
227 1696 266 1748 lie
285 1698 428 1762 gratiarum
447 1697 549 1749 actione
582 1732 950 1748 .........
984 1693 1038 1747 387

102 1803 117 1832 a
156 1785 276 1838 cvlbe
294 1785 442 1838 laudatione
461 1784 507 1836 lici
535 1823 542 1837 .
580 1775 611 1835 .'
625 1821 945 1837 ........
983 1783 1031 1834 ill

101 1891 116 1922 88
157 1874 229 1927 LVll.
247 1873 285 1926 Ile
303 1875 377 1927 tertio
396 1873 478 1927 modo
496 1871 589 1926 orandi
607 1876 633 1926 et
650 1873 774 1926 orationis
795 1871 903 1926 utilitate
940 1908 949 1924 .
985 1871 1037 1924 3l9

103 1981 117 2012 8
157 1963 240 2016 LVlll.
261 1962 299 2015 De
325 1963 461 2028 multipiici
489 1963 698 2028 praesentatione
724 1961 771 2014 Dei
798 1963 824 2013 in
853 1961 946 2014 aflectu

221 2053 318 2105 orantis
360 2087 947 2105 ..............
985 2048 1037 2102 324

17 2161 18 2166 1
104 2159 118 2189 8
158 2141 222 2193 uix.
241 2141 356 2194 Hortatio
375 2139 407 2193 ad
427 2141 572 2193 orationem
588 2138 814 2206 lrequentandam.
853 2177 859 2191 .
897 2175 904 2192 .
941 2179 947 2192 .
985 2137 1037 2191 328

102 2249 117 2278 8
155 2229 210 2282 LX.
230 2229 291 2282 Tria
310 2230 423 2283 maxime
442 2243 456 2280 a
476 2229 593 2294 proiectu
613 2228 778 2293 perfectionis
795 2230 947 2282 retrabunt.
983 2228 1036 2283 333

25 2383 31 2389 ,
102 2337 115 2367 8
155 2318 222 2372 LXl.
239 2319 278 2371 lic
296 2319 390 2384 causis,
409 2324 562 2385 quare'non
582 2315 755 2369 exaudiuntur
773 2321 904 2370 orantes.
940 2355 948 2371 .
985 2316 1039 2371 333

102 2427 116 2457 8
156 2409 230 2462 lxii.
250 2409 287 2463 De
306 2407 464 2474 specialibus
483 2405 645 2460 orationibus
673 2444 949 2459 .......
986 2405 1038 2460 337

102 2518 117 2546 8
156 2498 242 2551 LXlll.
254 2495 386 2552 Gradibus
396 2497 556 2565 quibusdam
569 2495 736 2550 interioribus
745 2495 849 2562 prolicit
860 2497 948 2548 anima
1096 2510 1099 2514 ·

223 2586 256 2640 ad
276 2587 438 2652 praedictum
458 2585 538 2639 linem
541 2622 950 2640 ..........
985 2584 1037 2637 338

103 2695 118 2723 8
158 2675 248 2728 LXlV.
264 2673 337 2729 Circa
357 2676 582 2741 contemplationis
606 2688 743 2728 excessum
767 2674 888 2728 divorsae
907 2673 951 2728 de-

220 2765 358 2817 votionum
376 2766 478 2829 specics
497 2770 639 2830 tanguntur
674 2801 949 2816 .......
986 2761 1038 2816 ati

103 2871 116 2900 8
157 2852 236 2906 LXV.
255 2853 361 2918 Septem
380 2857 441 2905 suot
459 2866 556 2918 genera
576 2851 746 2905 devotionum
761 2889 947 2904 .....
985 2850 1032 2904 att

105 2960 118 2990 8
158 2941 247 2995 lxvi.
261 2942 378 3009 Quatuor
391 2946 452 2994 sunt
461 2954 557 3006 genera
570 2939 761 2994 revelationum
773 2944 799 2992 et
808 2940 949 2992 visionum.
985 2936 1038 2991 356

103 3049 118 3080 8
157 3032 255 3086 LXVll.
274 3031 363 3085 Plures
381 3036 443 3083 sunt
460 3029 532 3083 modi
551 3029 742 3083 revelationum
765 3066 950 3082 .....
986 3028 1038 3080 368

105 3138 119 3168 8
158 3120 267 3174 LXVlll.
287 3119 427 3187 Quomodo
451 3121 477 3172 in
503 3117 670 3171 sensibilibus
689 3117 844 3196 ¹dulcedinis
871 3131 950 3184 expe-

221 3210 320 3262 rientiis
338 3223 367 3262 se
385 3210 465 3263 bomo
484 3206 581 3262 babere
600 3207 695 3262 debeat
719 3244 948 3260 ......
984 3205 1037 3259 366

103 3318 117 3348 8
157 3299 247 3353 LXlX.
266 3299 408 3352 Consilium
427 3298 505 3352 datur
524 3300 573 3364 bis,
592 3299 637 3365 qul
655 3312 688 3350 ex
707 3297 854 3350 deuotionis
872 3299 950 3350 vabe-

221 3389 318 3441 mentia
337 3387 461 3442 debilitati
480 3393 541 3441 sunt
542 3422 950 3440 ..........
986 3383 1037 3438 367

104 3497 117 3527 8
157 3477 347 3531 illituum
368 3480 399 3531 sit
418 3478 512 3531 melius
530 3476 644 3544 saepius,
667 3477 804 3530 aurarius
827 3476 950 3529 Euchari-

222 3568 298 3620 stiam
317 3567 434 3632 recipere
444 3602 855 3621 ..........
891 3561 903 3617 ’.
942 3602 949 3618 .
986 3562 1039 3616 378
