2776 4316
294 248 359 334 262
649 265 739 312 traua
762 263 901 312 ruamus

334 337 337 341 ‚
380 374 410 438 2.
430 371 516 436 Ratio
533 370 730 437 obedientiae
747 371 864 455 triplex
881 377 945 436 est:
960 389 1035 450 una,
1051 370 1139 456 quod
1156 372 1259 438 omnis

290 483 438 544 ereatura
463 477 504 543 ita
528 477 675 543 ordinata
705 484 754 543 est
788 495 807 542 a
848 476 922 553 Deo,
957 477 1056 561 quod,
1082 477 1155 544 lieet
1189 477 1259 563 ipse

254 657 259 668 ‚
290 584 438 650 omnibus
461 591 492 650 et
516 584 650 668 singulis
674 585 718 649 ita
741 584 868 668 praesit,
885 591 921 649 ut
936 584 978 649 ab
1001 585 1071 670 ipso
1088 584 1156 650 solo
1179 584 1260 651 acei-

290 691 378 777 piant
401 691 486 776 qrrod
511 699 585 757 sunt
619 697 651 757 et
675 690 792 757 babent
823 698 854 756 et
879 698 1021 774 possunt,
1054 699 1160 758 tamen
1188 709 1259 778 pro·

289 797 459 882 pinquiora
475 797 533 862 sibi
561 815 621 862 non
640 797 718 874 loeo,
736 795 791 862 sed
808 796 1017 863 similitudine
1035 797 1162 880 plenius
1177 797 1260 863 atei·

290 903 382 990 piunt
406 903 446 968 ab
470 903 539 988 ipso
575 902 659 988 quod
687 901 890 968 inferioribus
913 910 945 968 et
969 902 1027 968 sibi
1053 903 1261 989 propinquis

290 1009 380 1076 ribus
397 1009 544 1088 inlluaot;
561 1016 591 1075 et
606 1009 648 1074 ita
661 1008 776 1075 iterum
791 1010 859 1075 suis
874 1009 1078 1075 interioribus
1096 1009 1258 1095 usquead
1374 1045 1375 1092 t

289 1115 445 1195 infimum,
470 1123 505 1181 ut
531 1115 680 1182 interiora
703 1115 926 1200 superioribus
949 1115 1080 1181 subdita
1116 1115 1191 1192 sint,
1226 1123 1260 1183 et

289 1223 455 1308 superiora
468 1223 672 1304 interioribus
685 1221 825 1308 praesint
838 1230 870 1289 et
880 1241 918 1290 ea
931 1230 1053 1306 regant,
1065 1232 1102 1287 ut
1126 1241 1256 1288 summa

288 1331 403 1398 mediis
425 1340 456 1398 et
481 1331 585 1397 media
609 1332 749 1415 praesint
771 1331 853 1396 imis.
871 1330 921 1397 Sin
937 1330 1042 1413 lngeli
1069 1331 1258 1414 superiores

288 1437 492 1504 inferioribus
518 1444 678 1521 praesunt,
701 1445 732 1503 et
756 1437 903 1503 caelestia
940 1437 1076 1504 terrenis
1111 1443 1143 1503 et
1179 1437 1258 1502 irra-

288 1542 494 1609 tionabilibus
519 1541 719 1607 rationabilia
751 1543 909 1626 praesint3
933 1542 1108 1608 Genests¹z
1134 1541 1259 1608 Faetu-

288 1667 363 1713 mus
387 1647 564 1726 bominem,
588 1656 618 1713 et
647 1647 778 1732 praesit
797 1646 949 1734 piscibus
978 1646 1089 1712 uraris
1113 1647 1258 1716 atriolo

288 1754 400 1821 tilt'bus
424 1755 509 1821 coeli
531 1763 560 1820 et
576 1753 687 1820 bestiis
703 1764 835 1831 terrae,-
850 1755 890 1821 ad
920 1755 1113 1821 Romanos²z
1134 1753 1256 1848 Omnis

286 1863 405 1930 animo
425 1861 642 1948 potestatibus
665 1861 899 1947 superioribus
921 1862 1058 1929 subdita
1092 1863 1147 1929 sit.
1172 1864 1257 1930 Sub-

287 1970 402 2036 stantia
425 1971 508 2035 enim
535 1969 642 2035 divina
666 1969 708 2035 ita
732 1969 851 2035 elevata
876 1977 908 2035 et
932 1978 1097 2054 segregata
1132 1979 1181 2038 est
1207 1972 1254 2038 ab

286 2079 371 2142 omni
396 2084 513 2154 creato,
537 2075 622 2161 quod
648 2076 799 2142 inleriora
823 2076 1005 2143 immediate
1030 2085 1153 2144 mutum
1177 2078 1253 2146 eius

286 2185 443 2250 sustinere
469 2183 516 2249 vel
543 2185 706 2267 suscipere
731 2202 791 2249 non
826 2190 972 2268 possunt,
996 2185 1055 2250 uisi
1081 2185 1255 2252 medianti·
1376 2213 1377 2238 t

286 2290 346 2356 bus
369 2289 600 2374 superioribus
624 2308 697 2357 oum
734 2289 802 2374 ipse
837 2299 942 2356 tamen
980 2292 1133 2358 immotus
1158 2292 1189 2357 iu
1214 2309 1251 2360 se

284 2397 390 2462 omnia
415 2396 617 2462 ineffabiliter
641 2405 767 2463 moveat
790 2405 821 2463 et
844 2396 1011 2482 gubernet,
1036 2399 1079 2463 ita
1104 2407 1139 2464 ut
1168 2399 1250 2464 nihil

283 2499 325 2569 'sit
348 2503 497 2568 omnibus
520 2520 557 2568 eo
582 2502 781 2587 praesentius
804 2511 835 2570 et
859 2503 937 2569 nibil
975 2505 1253 2590 incomprebensi-

284 2610 390 2676 bilius.
415 2647 458 2657 -
482 2609 626 2675 Secunda
650 2609 731 2675 ratio
754 2618 811 2688 est,
828 2610 924 2696 quod,
946 2627 1019 2677 oum
1038 2612 1181 2678 nondum
1205 2613 1250 2679 sit

283 2716 433 2781 omnibus
457 2716 566 2781 datum
604 2733 673 2782 esse
709 2715 862 2782 docibiles
888 2717 983 2795 Dei³,
1007 2735 1047 2783 ne
1072 2717 1174 2802 ignari
1199 2736 1250 2784 er·

283 2831 353 2888 rent
376 2841 394 2886 a
419 2822 470 2887 via
493 2821 559 2899 Dei,
582 2839 647 2906 qua
684 2840 810 2889 neeesse
841 2830 900 2901 est,
926 2841 981 2890 eos
1013 2825 1183 2908 pervenire
1206 2825 1248 2890 ad

283 2928 416 3012 gloriam
452 2928 631 3008 caelestem,
654 2929 796 3016 expedit,
820 2936 856 2994 ut
891 2939 1069 3015 sequautur
1092 2931 1250 2998 duratum

282 3035 448 3101 doctorum
473 3052 618 3114 suorum,
642 3036 724 3102 siout
747 3053 861 3102 oaeeus
884 3037 940 3103 dat
958 3055 1088 3104 manum
1107 3037 1249 3117 ductori,

283 3158 322 3206 ne
346 3118 532 3219 eadet'vel
570 3141 733 3227 impingat,
759 3142 808 3207 vel
835 3150 931 3208 erret.
955 3177 1001 3190 ·-
1024 3142 1130 3210 Tertia
1166 3142 1250 3210 ratio

282 3255 339 3326 est,
364 3254 400 3313 ut
424 3248 528 3328 bomo,
552 3249 606 3334 qui
640 3248 771 3315 subesse
807 3248 871 3314 Deo
895 3249 997 3315 noluit
1020 3249 1183 3334 peccando
1216 3259 1250 3316 et

282 3352 325 3418 ita
348 3355 562 3439 superbiendo
586 3355 720 3439 gratiam
757 3354 811 3422 Dei
837 3355 986 3440 perdidit,
1010 3354 1185 3424 satisfaciat
1207 3358 1248 3436 ei,

353 3492 362 3526 ²
382 3494 445 3561 Cep.
464 3498 489 3561 l,
509 3498 551 3549 26.
833 3496 926 3564 'Cap
948 3499 989 3565 lb,
1010 3498 1034 3552 l.

353 3583 452 3638 ”luam
470 3587 494 3652 6,
516 3585 559 3639 le.
