2776 4316
305 279 346 326 nn
369 279 412 326 vu
435 277 648 328 nnocnssraus.
672 277 845 327 processus
869 280 920 327 vu.
1027 261 1092 330 313

124 391 160 453 et
185 384 247 453 hoc
268 384 305 452 lit
328 403 385 470 per
409 383 670 470 glorificationem
687 384 850 452 rationalis
866 393 1043 467 creaturae,
1061 386 1092 452 in

125 509 194 578 qua
217 490 414 560 clauduntur
437 509 549 560 omnes
572 489 653 559 aliae
676 497 853 570 creaturae,
870 508 943 558 cum
961 498 1092 577 propter

125 597 317 666 rationalem
340 606 522 666 creaturam
546 597 654 666 omnia
685 597 810 682 reliqua
833 597 896 666 sint
919 606 1036 677 creata,
1060 604 1092 664 et

126 703 200 790 ipsa
223 705 262 772 sil
285 705 430 772 omnium
453 723 557 791 capax
586 721 644 792 por
677 704 874 774 intellectum
903 713 936 772 et
958 712 1093 773 naturae

127 810 392 891 similitudinem
415 819 446 879 et
482 811 542 878 lnoo
578 811 719 878 maxime
742 819 876 898 apparet
899 811 930 878 in
956 810 1093 892 homine,

127 917 180 984 cui
206 917 247 984 ad
271 918 476 985 serviendum
500 916 608 984 omnia
632 919 691 984 ista
715 916 853 985 risibilia
877 925 952 984 sunt
976 925 1093 998 creata,

128 1023 218 1092 unde
234 1023 329 1092 etiam
347 1023 443 1091 homo
466 1025 571 1092 dictus
586 1025 656 1092 est²
673 1023 782 1092 omnir
798 1031 960 1091 creatura
976 1031 1007 1092 et
1023 1041 1094 1092 oon·

127 1129 234 1198 tineus
257 1130 364 1196 omnia
388 1131 419 1196 in
444 1147 488 1198 se.

220 1236 250 1302 1.
277 1236 419 1304 Primum
443 1254 525 1322 opus
549 1237 603 1304 Dei
628 1246 732 1322 potest
748 1238 810 1306 dici
827 1238 966 1317 ercutio,
984 1238 1014 1304 in
1032 1257 1096 1324 qrrn

129 1341 304 1411 laudabilis
325 1351 459 1430 apparet
482 1344 552 1411 eius
577 1343 658 1411 mira
685 1345 810 1412 virtutis
829 1344 988 1431 potentia,
1008 1344 1093 1432 qrrod

129 1457 196 1517 tam
222 1467 346 1535 magua,
371 1458 436 1518 tam
461 1452 572 1531 multa,
596 1458 660 1518 tam
686 1451 785 1532 varia,
809 1459 873 1518 um
898 1451 1010 1530 solida,
1028 1462 1092 1518 tam

128 1555 249 1624 nobilia
273 1557 390 1624 virtute
414 1557 507 1644 plena
530 1558 633 1646 potuit
657 1559 702 1626 sic
725 1557 827 1639 facile,
844 1559 889 1626 sio
912 1559 1095 1639 subitone

128 1664 283 1732 decenter
306 1681 347 1732 ex
372 1664 471 1732 nihilo
495 1667 674 1751 producere
697 1673 730 1734 et
753 1685 852 1752 super
876 1666 953 1733 nihil
979 1666 1095 1746 locare,

128 1789 205 1853 cnm
229 1779 322 1838 extra
359 1772 516 1840 mundum
537 1773 631 1850 ,nihil
656 1774 709 1854 sit,
741 1790 840 1859 super
870 1773 957 1859 quud
983 1773 1093 1840 mundi

130 1878 232 1946 moles
255 1879 344 1964 quasi
370 1889 468 1964 super
493 1880 593 1946 lrasim
626 1881 817 1959 collocetur;
841 1881 1020 1966 Sapientiae
1044 1880 1096 1948 de

129 1985 213 2052 oimo
238 1985 368 2052 terlin²z
396 1985 437 2053 Si
459 1986 617 2054 uirtutem
652 1996 682 2054 et
712 2007 814 2074 opero
837 2006 966 2066 eorum,
992 1987 1022 2056 id
1047 1996 1095 2056 est

129 2091 304 2158 visibilium
328 2092 552 2172 attentorum,
576 2094 698 2160 mirati
726 2103 818 2172 sunt,
841 2093 1027 2181 intellipaut
1050 2094 1093 2161 ab
1147 2160 1150 2166 .

128 2199 225 2286 ipris,
249 2199 409 2288 quonium
433 2200 493 2288 qui
515 2197 595 2268 luco
611 2201 783 2268 coustituit
797 2199 923 2286 tortior
943 2211 991 2268 eat
1014 2201 1090 2268 illic.

223 2309 252 2373 1.
276 2307 458 2374 Secundum
482 2324 564 2404 opus
587 2307 641 2374 Dei
667 2317 715 2374 est
732 2308 957 2376 universorum
972 2308 1094 2396 puler-

130 2413 235 2492 nolio,
260 2413 291 2481 in
315 2432 381 2500 quo
403 2413 568 2481 evidenter
602 2423 735 2501 apparet
772 2414 942 2482 laudabilis
965 2415 1093 2500 cupien-

133 2518 182 2586 tr'u
206 2518 422 2604 providentiae
446 2518 513 2599 Dei,
536 2519 611 2605 quia
635 2519 714 2586 nihil
732 2520 886 2598 omnium,
902 2535 985 2606 quae
1009 2526 1094 2597 sunt,

130 2643 150 2690 a
174 2623 316 2691 maximo
340 2641 442 2710 usque
465 2624 506 2692 ad
529 2623 696 2690 minimum
727 2624 803 2692 latet
825 2624 896 2693 eius
919 2623 1094 2702 scientiam,

133 2730 189 2799 sed
213 2731 356 2798 omnium
382 2731 469 2798 norit
484 2731 706 2817 proprietates,
731 2732 877 2809 virtutes,
893 2730 1094 2815 operationes

129 2845 162 2904 et
186 2837 384 2924 singulorum
410 2836 601 2923 multiplices
625 2837 763 2905 rationes
786 2837 949 2904 naturales
963 2844 996 2904 et
1018 2854 1090 2902 cau·

130 2943 225 3025 sales,
249 2961 349 3030 quare
373 2944 498 3030 singula
521 2943 594 3024 sint,
618 2944 701 3011 siout
728 2951 814 3023 sunt,
836 2950 867 3010 et
891 2962 955 3010 non
989 2943 1091 3010 aliter.

132 3050 168 3118 lit
192 3051 270 3118 naec
293 3051 398 3118 omnia
421 3051 467 3118 sio
490 3050 707 3136 praeordinat,
730 3057 766 3118 nt
788 3051 879 3136 quasi
904 3049 1092 3118 naturaliter

130 3163 162 3224 et
184 3157 356 3225 causaliter
377 3157 547 3226 rideantur
562 3157 643 3237 fieri,
659 3163 690 3225 et
706 3163 811 3224 tannen
829 3157 872 3224 ita
889 3156 1003 3224 librata
1019 3165 1094 3223 suot

134 3263 165 3328 in
190 3263 260 3331 eius
294 3263 505 3350 providentia,
529 3269 565 3332 ut
596 3281 755 3350 nusquam
779 3263 937 3332 excedant
959 3261 1095 3347 disposi-

133 3370 227 3438 tionis
250 3371 320 3438 eius
342 3372 470 3450 limites,
493 3378 525 3439 et
547 3371 653 3438 omnia
678 3371 770 3439 bonis
793 3371 909 3438 cedant
924 3369 955 3436 in
973 3369 1092 3436 bonum

130 3493 188 3563 per
212 3478 283 3546 eius
305 3478 550 3565 providentiam,
573 3486 605 3546 et
629 3477 723 3547 malis
745 3479 777 3544 in
801 3477 921 3546 malum
945 3494 1001 3562 per
1025 3476 1094 3544 eius

202 3599 212 3633 ¹
233 3603 310 3657 llaec.
330 3603 372 3670 16,
394 3603 436 3656 17.
686 3603 792 3657 Ξ171111.
813 3603 855 3657 la

210 3837 229 3888 Ι
