2742 4320
315 219 378 286 366
671 238 759 284 trusa
783 237 921 286 runrrus

312 342 391 410 ritas
415 351 446 409 et
480 340 673 409 fructuosior
705 339 866 427 profectus
901 350 933 408 et
960 340 1072 426 purior
1104 339 1266 426 perfectio;

312 448 477 535 aut'quod
503 449 574 515 ideo
598 449 715 516 deutur
738 448 832 514 etiam
851 447 1096 534 perfectioribus
1112 448 1143 514 in
1161 449 1267 533 spiritu

312 554 478 623 sensibiles
510 555 739 622 consolationes
772 562 903 641 propter
927 554 1175 622 redundantiam
1202 553 1269 620 inte·

312 661 406 728 rioris
430 660 620 742 dulcedinis
645 668 691 742 ut,
715 661 797 729 sicut
828 662 934 728 anima
965 660 1184 728 communicat
1209 679 1269 726 cor·

311 767 380 854 pori
406 785 464 834 suo
488 766 578 853 quasi
604 767 710 835 comiti
734 775 766 834 et
789 768 875 835 socio
900 768 968 835 viae
1003 769 1173 855 passiones
1195 784 1270 846 snas,

311 873 355 941 ita
378 875 592 941 comnrunicet
615 875 643 941 ei
676 882 707 942 et
738 875 986 954 consolationes3
1010 877 1163 942 tristante
1196 875 1270 942 enin

311 980 416 1047 anivna
442 980 586 1060 interius,
610 981 704 1047 etiarn
729 1000 847 1068 corpus
871 983 1004 1050 tabescit
1019 982 1180 1050 exterius.
1196 983 1272 1048 Sicut

313 1105 389 1174 ergo
413 1105 530 1173 corpus
554 1088 729 1156 collaborat
752 1090 878 1174 spiritui
902 1098 934 1156 et
950 1091 1150 1175 compatitur
1167 1090 1199 1155 in
1216 1106 1272 1154 rne-

313 1193 386 1288 rito,
410 1193 453 1260 ita
484 1194 578 1279 digne
609 1196 851 1282 comparticipat
882 1204 912 1263 et
936 1205 1228 1264 conremuneratur
1248 1193 1271 1260 ei

314 1301 344 1366 in
370 1301 522 1386 praemio,
545 1320 608 1367 non
641 1301 744 1369 solurn
780 1303 909 1370 futurae
945 1303 1077 1389 gloriae,
1103 1304 1162 1372 sed
1187 1303 1272 1370 etianr

314 1408 490 1493 praesentis
513 1408 644 1492 gratiae,
660 1409 743 1476 sicut
758 1410 877 1476 domini
897 1409 926 1476 in
944 1411 1092 1477 convivio
1110 1410 1272 1496 epularum

313 1511 416 1580 servis
440 1513 507 1578 suis
532 1513 752 1580 transmittunt
775 1513 929 1601 reliquias
950 1515 1173 1596 lerculorum;
1196 1514 1273 1580 sicut

312 1617 397 1684 socii
418 1618 617 1703 passionem
640 1620 730 1698 estis,
754 1621 804 1688 e'tc
826 1630 857 1686 et
880 1622 1123 1689 consolationes
1151 1621 1271 1690 critici

314 1725 349 1791 Et
365 1725 425 1791 boc
441 1732 489 1790 est
505 1742 546 1791 ex
559 1725 809 1812 supereffluenti
822 1746 1093 1814 mensuraque
1108 1729 1206 1796 datur
1221 1727 1271 1796 ele

313 1831 381 1911 ctis,
404 1831 498 1899 cuius
520 1832 744 1915 redundantia,
768 1852 808 1902 ue
839 1835 940 1902 eflusa
972 1835 1138 1922 depereat,
1162 1835 1271 1920 excipi·

312 1943 366 2003 tur
389 1955 407 2003 a
431 1956 575 2024 corpore,
600 1940 686 2025 quod
712 1941 870 2027 particeps
893 1941 999 2009 fuerat
1022 1943 1053 2010 iu
1079 1942 1202 2010 labore.

401 2047 431 2111 f.
457 2045 517 2126 Sed
543 2047 626 2113 sicut
649 2046 688 2113 de
714 2047 889 2115 visionibus
909 2057 940 2116 et
960 2049 1222 2128 revelationibus,
1236 2049 1272 2114 ita

312 2149 395 2217 etde
412 2150 598 2218 huiusmodi
618 2152 823 2220 sensibilibus
839 2155 1046 2240 experientiis
1063 2157 1270 2232 sentiendum,

311 2255 395 2340 quod
421 2255 520 2343 aliqui
546 2259 746 2326 seducuntur
772 2260 801 2325 in
830 2259 887 2340 eis,
913 2268 1060 2346 putantes
1082 2281 1157 2331 esse
1182 2261 1271 2328 abeo

311 2362 396 2448 quod
421 2361 502 2430 forte
526 2372 575 2430 est
598 2365 797 2449 phantastica
813 2365 958 2453 deceptio
965 2393 974 2447 ;
990 2374 1022 2436 et
1037 2368 1140 2456 aliqui
1159 2373 1270 2455 putant,

312 2469 433 2555 aliquid
456 2488 526 2537 esse
551 2473 668 2554 magni,
691 2473 778 2558 quod
815 2474 936 2541 nullius
966 2482 1015 2542 est
1038 2475 1068 2541 in
1093 2494 1132 2544 se
1157 2473 1270 2550 meriti;

311 2584 343 2643 et
365 2576 462 2663 aliqui
488 2577 690 2645 extolluntur
714 2580 753 2646 de
778 2581 896 2648 talibus
920 2583 1006 2668 apud
1031 2601 1064 2650 se
1098 2591 1134 2650 et
1163 2584 1270 2650 iactant

312 2699 345 2749 se
358 2684 448 2769 quasi
466 2684 506 2751 de
525 2685 696 2770 singularis
713 2688 833 2772 gratiae
850 2688 1026 2756 sanctitate.
1044 2689 1168 2757 liabent
1183 2687 1269 2756 etiau

312 2787 372 2854 hoc
394 2789 564 2884 proprium
589 2791 716 2858 divinae
752 2793 933 2861 dulcedinis
961 2794 1192 2881 experientiae,
1215 2809 1271 2860 nta-

311 2894 398 2962 xirne
422 2913 494 2962 curn
532 2897 740 2983 frequentiori
777 2918 840 2966 usu
863 2907 895 2968 et
927 2901 1092 2968 valentiori
1119 2910 1208 2968 motu
1233 2900 1269 2965 in·

312 2999 659 3088 fluunt,utspiritun1
694 3003 867 3073 reficiendo
901 3024 1020 3093 corpus
1054 3007 1221 3076 debilitent
1242 3013 1269 3072 et
1338 2999 1339 3010 ’

311 3107 354 3173 ita
377 3109 614 3193 quodammodo
637 3109 826 3178 delectando
841 3111 999 3198 affligant3
1017 3113 1099 3181 sicut
1116 3113 1267 3182 rusticum

311 3213 389 3281 cibis
412 3215 627 3300 grossioribus
650 3227 814 3285 assuetum
840 3218 990 3286 deliciosa
1006 3219 1127 3298 fercula
1147 3219 1268 3304 saepius

311 3328 416 3387 sumta
439 3321 607 3389 alterando
632 3323 823 3391 labefaciunt
855 3332 886 3392 et
921 3325 1109 3410 dissolvunt
1135 3323 1266 3413 ignobile

311 3446 449 3515 nanvque
473 3447 590 3515 corpus
607 3439 646 3498 'et
668 3432 876 3518 corruptibile
900 3434 983 3501 sicut
1012 3453 1109 3522 pecus
1144 3431 1267 3502 brutali·

381 3551 391 3583 ¹
412 3555 439 3607 ll.
458 3553 518 3608 Cor.
538 3556 562 3622 l,
582 3555 613 3621 7;
633 3555 728 3609 deinde
747 3559 885 3623 respicitur
903 3559 966 3612 Luc.
985 3559 1011 3626 6,
1031 3561 1077 3614 38.
