2742 4320
305 235 370 303 att
664 251 753 302 nronn
775 251 916 300 ronrrus.

304 369 423 442 nectat,
448 359 644 446 locupletat,-
665 358 784 425 suevit
807 366 855 425 est
878 365 992 444 gustus
1012 357 1188 425 caelestium
1212 356 1259 424 dc·

306 468 464 548 liciarum,
488 465 696 534 honorabilis
718 464 858 532 amicitia
889 464 944 531 Dei
969 471 1000 531 ot
1029 463 1145 530 civium
1176 461 1259 530 lami·

305 570 427 639 liabitas
449 585 676 658 supernorum,
699 568 881 658 fructuosa
904 569 1021 637 caritas
1044 575 1077 636 et
1108 568 1258 635 meritoria

306 678 493 746 sublimium
518 677 747 765 praemiorum.
772 677 884 757 Omne,
906 677 993 763 quod
1009 674 1257 762 appetitur,pro

305 793 378 872 pter
400 785 534 853 istorum
560 784 658 852 trium
675 785 805 870 aliquod
823 783 1040 852 desideratur:
1058 781 1108 849 vel
1123 781 1194 867 qnia
1208 798 1258 866 pu·

306 898 393 958 tator
417 891 604 960 delectabile
628 891 679 959 vel
707 890 894 958 honorabile
929 888 980 957 vel
1015 889 1112 968 utile3
1145 886 1197 954 sed
1229 887 1256 954 io

308 1015 373 1083 quo
395 999 502 1065 omnia
525 997 622 1066 simul
646 1005 678 1066 et
694 999 786 1084 plene
810 997 1000 1065 conueniant
1022 1013 1085 1062 non
1110 993 1258 1062 invenitur

308 1103 370 1172 nisi
394 1103 601 1172 infractibus
624 1104 840 1190 spiritualium
865 1103 1065 1172 deliciarum.
1090 1101 1154 1168 nlla
1178 1099 1253 1167 enim

306 1219 365 1280 aut
387 1211 555 1291 delectant,
578 1220 611 1279 et
635 1211 740 1297 turpia
764 1219 838 1278 suot
861 1219 893 1278 et
910 1210 1039 1288 nociva;
1063 1218 1119 1277 aul
1138 1209 1253 1276 bonesla

306 1323 382 1386 sunt
404 1337 533 1405 quoquo
557 1319 652 1386 morlo
676 1317 727 1386 uel
750 1319 851 1399 utilia,
875 1318 932 1386 sed
956 1317 1098 1386 difficilia
1131 1325 1161 1384 et
1182 1315 1253 1382 labo

226 1497 230 1504 ,
306 1425 408 1506 riosa;
433 1425 560 1492 virtutis
583 1431 690 1492 autem
715 1424 848 1492 allectus
867 1434 899 1492 et
915 1424 1089 1511 sapientiae
1111 1427 1252 1510 gustnsel

306 1531 433 1598 divinae
456 1531 622 1599 suavitatis
646 1531 754 1598 tronto
778 1531 882 1598 dulcis
905 1539 954 1598 est
976 1538 1009 1599 et
1032 1528 1252 1598 venerabiliset

307 1638 530 1705 conscientiam
557 1637 715 1717 laetificat,
739 1643 957 1704 assecuraret
981 1635 1168 1722 magnificat

397 1747 426 1811 6.
452 1745 513 1812 Sed
536 1762 610 1811 cum
640 1744 750 1829 Sponsi
787 1742 992 1829 amplexibus
1016 1743 1122 1810 anima
1154 1741 1251 1808 devota

310 1849 469 1917 inhianter
492 1851 646 1929 inhaeret,
669 1849 778 1936 incipit
801 1850 884 1917 inler
908 1850 979 1916 elus
1002 1849 1133 1917 brachia
1160 1845 1251 1930 aliquo

311 1956 405 2023 modo
428 1951 610 2044 consopiri,
635 1957 718 2024 sicut
740 1965 868 2042 potatus
899 1955 998 2023 nobili
1021 1957 1096 2023 vino
1126 1955 1156 2020 in
1178 1968 1252 2036 supe

294 2053 378 2130 ‘rem
403 2062 585 2143 resoluitur,
601 2071 645 2139 ¹ut
669 2081 730 2129 non
755 2063 860 2130 solum
884 2063 1125 2140 delectabiliter,
1157 2061 1206 2128 sed
1226 2063 1251 2124 el

306 2170 458 2238 tenaciter
483 2170 547 2237 Deo
572 2171 735 2237 inhaereat
758 2179 790 2237 et
813 2171 904 2256 qnasi
930 2171 959 2236 vi
988 2170 1126 2255 quadam
1149 2167 1250 2234 abstra-

306 2279 403 2344 hatur
427 2278 468 2344 ab
491 2277 576 2344 omni
603 2277 775 2344 visibilium
800 2294 897 2344 sensu
920 2284 953 2344 et
977 2275 1140 2354 memoria,
1159 2275 1199 2342 sic
1218 2279 1251 2338 la·

309 2401 380 2451 men
405 2392 590 2469 temperate,
614 2391 650 2450 ut
674 2402 731 2450 nec
755 2383 847 2470 plene
874 2384 991 2450 suimet
1014 2383 1112 2450 oblita
1146 2397 1199 2448 nec
1218 2386 1251 2445 la·

308 2507 380 2557 men
407 2508 481 2558 vere
504 2508 633 2575 compos
657 2491 697 2557 sit
721 2491 781 2569 sui,
806 2491 897 2556 iuxta
921 2489 1000 2556 illud
1036 2489 1151 2556 Psalmi
1167 2488 1192 2552 ¹:
1222 2482 1253 2552 st

306 2596 486 2663 dornrlutia
509 2597 595 2663 luter
618 2596 744 2664 medios
766 2595 882 2676 cleros,
907 2596 937 2663 id
963 2603 1011 2663 est
1036 2596 1118 2663 inter
1148 2592 1252 2662 mellus

307 2703 460 2770 terminos
485 2705 595 2770 mundi
613 2711 645 2770 et
668 2703 764 2780 caeli;
782 2704 867 2783 ilem,
885 2703 915 2768 in
932 2702 1087 2770 Canticis:
1113 2703 1180 2790 Epo
1193 2699 1252 2766 dor·

307 2808 387 2888 mio,
411 2816 440 2874 et
456 2827 514 2875 cor
531 2828 641 2876 mcum
657 2809 785 2895 vlpilot.
804 2809 857 2876 Est
872 2808 956 2876 enim
974 2807 1046 2876 talis
1063 2808 1122 2876 isle
1138 2819 1252 2874 somnus

307 2915 390 2984 sicut
413 2916 553 2997 illorum,
576 2917 632 3003 qui
657 2916 811 3004 incipiunt
834 2917 1020 2996 dormitare,
1042 2923 1075 2984 et
1099 2923 1201 2984 tamon
1221 2909 1252 2976 ri·

306 3023 424 3091 dentur
448 3023 507 3090 sibi
531 3041 579 3104 ca,
603 3043 686 3111 quae
706 3025 790 3093 circa
806 3041 840 3092 se
857 3023 948 3103 liunt,
963 3023 1072 3110 aliquo
1093 3023 1187 3090 morlo
1200 3036 1253 3090 seo·

307 3131 416 3207 lineet
432 3131 615 3216 intelligere,
632 3132 687 3200 scd
706 3149 783 3218 prae
798 3149 913 3218 sopore
930 3150 992 3198 non
1011 3125 1252 3209 adventantum

307 3237 405 3306 velint
429 3238 488 3306 sibi
512 3238 576 3304 vim
601 3237 716 3319 lacere,
732 3246 768 3305 ut
790 3239 831 3306 ad
856 3257 890 3306 se
914 3239 1039 3325 plenius
1055 3243 1251 3306 revertantur.

397 3347 427 3410 7.
454 3346 546 3412 lmor
569 3345 655 3413 enim
680 3345 735 3412 Dei
759 3363 833 3412 cum
857 3361 940 3431 pura
967 3343 1173 3430 intelligentia
1196 3356 1252 3408 con·

308 3450 394 3518 ditus
417 3449 563 3518 inebriat
585 3459 722 3520 meolam
738 3459 770 3521 et
785 3451 978 3520 abstractam
994 3449 1036 3518 ab
1053 3447 1252 3519 exterioribus

379 3572 389 3604 ¹
408 3575 450 3629 Po.
468 3573 512 3642 67,
535 3575 581 3643 ll;
600 3575 854 3645 repullulante,
874 3579 900 3630 2.
