2776 4316
298 237 363 306 302
650 259 739 304 umen
762 259 902 306 runrros.

296 361 388 428 losue
410 363 553 429 decimo:
578 361 626 428 Ne
650 361 808 430 retrudor
837 383 964 430 oronim
991 372 1068 431 tuus
1095 363 1139 430 ab
1162 363 1247 429 cori·

297 468 342 534 iio
364 489 542 535 seruorum
566 480 716 549 tuorum,
739 471 804 537 cito
819 471 927 538 libero
942 489 1024 550 noe,·
1039 477 1248 538 convenerunt

296 577 385 642 enim
408 576 591 642 oderermm
618 589 684 642 nos
703 597 815 644 omnes
837 597 931 664 reges
956 576 1245 645 Amorrdomrnm.
1355 657 1356 666 ἵ

299 683 427 748 Praeter
451 683 578 750 finalem
614 685 699 750 euim
736 685 972 751 damnationem
1009 685 1097 752 ntrlla
1122 683 1175 750 Dei
1210 683 1251 750 ira

297 789 427 874 gravior
449 807 546 874 qnam
572 809 633 856 non
670 791 842 858 defendere
875 810 895 856 a
928 799 1066 877 peccato.
1089 791 1175 858 lianc
1197 806 1252 856 ma·

297 897 386 962 xime
412 905 555 962 meretur
577 898 729 982 superbia
751 906 784 964 et
808 899 1004 982 ingratitudo
1026 907 1059 965 et
1073 885 1250 975 incuria'ut

298 1004 395 1070 bomo
420 1004 612 1088 profundius
633 1005 750 1070 cadere
785 1006 1001 1090 permittatur.
1025 1005 1252 1083 decastemi

298 1119 350 1176 tra
365 1110 451 1196 quod
467 1129 616 1177 oramus:
635 1112 677 1176 Et
690 1129 731 1176 ne
745 1130 805 1176 noe
830 1111 976 1176 inducas
993 1110 1029 1176 in
1052 1109 1253 1177 tentationem

300 1219 429 1302 peccati.
453 1219 616 1284 inducere
633 1217 717 1284 Deus
733 1218 861 1297 dicitnr,
885 1236 959 1284 curn
977 1237 1039 1284 non
1056 1217 1202 1295 custodit
1217 1231 1251 1281 ue

300 1326 504 1403 inducamur,
539 1325 622 1391 sicut
657 1325 825 1390 indurare
859 1323 977 1391 dicitnr
999 1342 1055 1390 cor
1079 1321 1253 1409 peccatoris,

298 1434 372 1498 c'um
391 1449 448 1516 per
472 1431 608 1515 gratiam
631 1448 694 1496 nou
718 1430 841 1496 emollit
858 1431 1001 1496 internae
1017 1429 1184 1496 unctionis.
1200 1427 1253 1492 lloc

298 1539 441 1604 maxime
459 1539 490 1602 iu
510 1556 616 1622 pugna
633 1537 814 1603 tentationis
829 1546 862 1604 et
877 1536 1092 1603 tribulationis
1107 1552 1204 1602 onere
1224 1531 1255 1598 ti·

301 1645 452 1711 mendum
477 1653 534 1724 est,
559 1662 598 1710 ne
627 1661 687 1710 suo
723 1644 865 1729 pondere
889 1662 947 1710 uos
970 1645 1129 1729 opprimat
1163 1650 1194 1708 et
1227 1640 1253 1704 in

299 1760 467 1837 peceatum
492 1751 630 1817 deiiciat.
654 1750 797 1835 Alioquin
818 1750 958 1835 optanda
981 1759 1066 1816 esset
1088 1746 1251 1824 tribulatio,

299 1877 361 1924 non
388 1859 558 1937 borreuda,
581 1858 657 1943 quia
687 1859 826 1924 animam
863 1859 1080 1943 purgatiorem
1112 1856 1253 1924 redderet

298 1974 331 2034 et
354 1967 484 2032 maioris
507 1975 591 2032 esset
615 1965 719 2032 meriti
746 1964 880 2031 viriiiter
904 1965 1047 2032 tolerata.

389 2077 420 2142 li.
444 2075 620 2160 Aliquando
643 2075 734 2161 quasi
758 2094 889 2152 servos,
913 2076 966 2160 qni
984 2075 1118 2159 gratiam
1136 2068 1251 2140 Domini

300 2181 461 2267 peccando
485 2182 634 2267 perdidit,
658 2181 827 2267 supplicat,
851 2183 911 2248 sibi
937 2171 1149 2267 peccata'sna
1164 2188 1195 2247 et
1207 2193 1252 2243 ne·

299 2289 466 2374 gligeutias
489 2307 564 2355 suas
588 2289 717 2373 ignosci,
741 2305 822 2374 quas
838 2290 1007 2366 commisit,
1022 2289 1195 2355 omittendo
1209 2283 1253 2350 de

301 2397 366 2462 bita
381 2405 414 2462 et
430 2395 644 2480 perpetrando
661 2395 780 2474 illicita,
797 2395 846 2462 rel
864 2396 958 2462 etiam
975 2413 1024 2475 ea,
1039 2413 1122 2482 quae
1142 2389 1252 2468 debuit,

300 2502 512 2586 negligentius
546 2507 578 2567 et
613 2501 773 2586 impurius
804 2501 1028 2586 persolvendo,
1059 2502 1187 2569 dicens:
1209 2495 1253 2563 Se

300 2610 452 2676 condem
474 2607 723 2674 mollitudinem
745 2607 1003 2674 miserationem
1028 2618 1180 2684 tuorum,
1197 2605 1251 2671 Do·

299 2717 400 2794 enine,
426 2715 494 2782 dele
518 2713 728 2802 iniquitatem
752 2733 861 2780 meom
877 2715 913 2793 ¹,·
937 2716 1030 2781 item:
1050 2716 1192 2801 Propter
1205 2726 1251 2776 no

299 2843 374 2890 men
392 2831 500 2900 tmnm,
520 2821 667 2898 Domine,
678 2819 918 2905 propitiaberis
931 2828 1067 2906 peceato
1083 2840 1165 2900 mco,
1181 2813 1251 2886 moi

272 2936 372 2995 'tom
403 2938 450 2994 est
483 2928 584 3006 enim,
607 2935 640 2994 et
673 2927 801 2993 similia.
836 2927 898 2993 lloc
930 2927 1080 3013 petimus,
1111 2923 1252 2996 dicendo:

303 3036 437 3103 Dimitte
452 3035 546 3102 nobie
562 3034 670 3101 debito
686 3043 817 3112 nostro,
833 3034 922 3100 sicot
937 3044 967 3101 et
982 3054 1044 3101 nos
1061 3035 1251 3102 dimittimur

300 3142 504 3210 debitoribus
536 3141 673 3219 nostrie,
705 3140 781 3225 qnia
811 3159 850 3206 ea
885 3139 1077 3226 benignitate
1110 3143 1252 3208 debemus

301 3249 462 3316 dimittere
486 3249 518 3314 iu
553 3267 611 3314 uos
643 3247 786 3332 quolibet
821 3247 915 3314 modo
950 3247 1167 3332 peccantibus,
1198 3257 1254 3332 qua

301 3356 524 3424 desideramus
547 3356 638 3422 uobis
662 3355 777 3422 dimitti
802 3354 888 3439 quod
914 3371 1096 3440 peccamus

374 3585 723 3653 ¹mmacmm
