819 1202
525 61 752 82 „W

209 121 230 138 32
391 125 435 137 Lmen
447 125 509 137 vuinus.
527 136 530 138 ,

209 151 327 173 reprehendere
344 152 359 168 in
376 151 417 171 aliis,
430 151 508 171 videlicet,
520 156 540 168 ne
552 156 626 168 rumores
637 156 694 169 saecu-

208 178 250 195 lares
262 179 347 195 recitemus
359 178 402 200 apud
415 183 443 195 eos
450 178 476 195 vei
489 178 557 195 libenter
565 178 657 198 audiamus,
666 178 693 195 vel

207 205 275 222 delicata
286 205 348 222 fercula
360 205 384 222 vei
397 205 447 221 muita
460 205 494 221 fleri
507 209 536 226 pre
545 205 590 222 nobis
598 205 691 226 diligamus=

208 232 232 249 vel
245 232 292 248 nimis
305 232 358 248 mollia
374 232 397 248 vel
416 236 493 253 pomposa
505 233 603 251 stramenta;
616 236 645 248 nec
657 232 692 248 irae

208 258 232 275 vei
245 258 334 275 discordiae
346 258 423 275 scintillas
434 258 533 278 emittaniffl,
545 258 570 275 vei
586 258 635 275 verba
647 263 693 275 scur-

207 285 243 301 rilia
256 285 279 301 vei
293 285 335 302 iocos
347 285 433 301 dissolutos
445 289 546 304 inoveamus;
558 287 574 302 et
586 285 663 304 maxime,
671 290 692 302 ne

207 311 251 328 avari
265 316 294 333 pro
306 311 400 328 muneribus
412 311 492 333 possimus
510 312 566 331 notari,
578 312 616 333 quia
627 316 648 328 ex
661 312 693 329 hoc

206 339 237 355 cito
250 338 342 355 viiescimus
353 339 395 359 apud
408 343 440 358 eos,
449 338 461 355 si
472 338 546 358 viderint,
559 343 587 355 nus
597 343 616 355 ea
628 339 692 356 ambire

206 367 221 382 et
233 369 287 382 amare
299 367 315 382 et
326 369 404 387 quaerere
412 366 423 385 ¹,
431 365 451 382 ad
460 370 531 387 quorum
541 367 650 386 contemptum
661 370 692 382 nos

207 396 234 408 eus
247 392 331 408 hortamur
343 392 455 413 praedicando.

370 445 462 461 Carnorum
474 445 525 461 xxw.

270 494 292 510 De
303 493 408 515 feminarum
420 493 540 515 familiaritate
552 493 627 510 vitanda.

253 547 267 563 1.
279 546 320 563 eave
331 547 384 566 etiam,
396 551 421 567 ne,
433 551 470 563 cum
482 547 545 564 seminis
553 547 624 569 loquens,
632 551 691 564 earum

207 573 261 590 vultus
275 573 345 590 studiose
358 573 438 594 respicias,
451 573 475 590 vel
488 578 545 590 manus
557 576 651 594 contrectes,
665 574 690 591 vei

206 600 253 617 nimis
266 605 315 622 prope
327 600 388 620 sedeas,
401 600 426 617 vei
439 600 494 617 ieviter
506 600 529 617 eis
541 600 618 620 arrideas,
631 605 660 618 nec
673 600 690 617 ii-

206 627 261 644 benter
273 631 310 644 cuin
322 627 345 644 eis
357 631 437 647 susurres,
450 631 478 644 nec
490 627 558 648 angulos
575 627 596 644 ad
608 627 689 649 colloquia

205 658 261 671 earum
274 654 356 675 requiras;
367 654 405 675 quia
421 654 460 670 haec
475 654 529 670 omnia
547 654 609 670 etiamsi
621 654 644 670 nii
656 656 689 671 ten-

205 680 269 697 tationis
280 680 308 697 tihi
322 681 417 701 ingererent,
429 682 482 697 tamen
498 685 529 697 nun
541 680 621 701 effugeres
633 682 688 697 nolam

205 707 300 728 suspicionis
312 707 332 723 ab
343 707 379 723 aliis
391 709 406 723 et
419 706 464 723 facile
482 711 536 728 posses
549 707 623 724 infamiae
635 712 689 724 macu-

206 733 236 750 lam
248 734 348 754 contrahere,
364 738 412 755 quam
429 734 456 750 vix
474 734 576 755 postmodum
594 734 688 755 detergens

204 765 241 777 cum
254 760 320 782 pudore.
328 761 353 777 Sic
361 761 402 777 habe
414 763 430 777 te
441 765 478 777 cuin
487 761 530 777 omni
539 761 603 781 semina,
614 761 646 778 acsi
656 766 688 778 ma·

205 787 245 804 ritus
257 787 291 804 eius
304 787 328 804 vei
342 787 423 809 praelatus
435 789 473 804 tuus
484 787 527 804 circa
535 792 563 804 vos
575 789 641 807 starent,
653 792 688 808 con-

204 814 293 831 siderantes
305 816 321 831 et
333 814 404 831 videntes
416 814 474 834 omnia.
485 818 526 835 quae
534 814 585 831 facilis
594 814 618 831 vei
626 814 687 835 dicitis;

204 843 227 860 ut,
238 841 337 862 quicumque
348 840 451 862 superveniat
467 843 482 857 et
498 841 551 857 videat
567 842 582 857 te
594 841 686 862 loquentem

204 872 240 884 cum
253 872 276 887 ea,
289 868 304 884 in
317 867 361 884 nulio
373 872 437 885 necesse
447 868 473 887 sit,
481 869 496 884 te
504 867 605 887 erubescere,
617 872 647 885 nec
658 868 688 885 ali-

203 894 240 916 quis
252 896 307 916 postea
318 895 346 911 tihi
360 894 409 916 possit
421 896 473 911 notam
485 894 580 916 suspicionis
592 894 686 916 impingere,

204 921 222 938 Et
234 921 246 938 si
259 925 313 938 meum
325 921 409 938 consilium
427 926 458 938 non
475 921 543 943 spernis,
559 921 630 941 consulo,
642 922 688 943 quod

239 956 244 965 ¹
254 957 286 971 eod.
296 957 306 970 Α
316 959 329 971 ei
338 957 368 971 ναι.
377 957 429 974 legunt:
438 960 454 971 ea
463 956 516 971 ambire
524 958 538 971 et
546 961 588 971 avare
597 961 669 975 quaerere.
