2792 4318
297 211 359 277 l08
633 231 722 278 nuncu
746 230 917 278 sncunnus.

629 459 812 526 Cnnrrunuu
836 459 923 525 XXll.

365 655 478 738 Quare
502 652 631 721 leomirtt‘
652 655 754 721 dotus
776 654 821 720 sit
843 651 983 742 affectus
1006 653 1176 721 arrurr'tioe.

386 866 522 934 Allectus
544 867 638 934 etiam
663 867 834 934 avaritiae
862 867 957 934 datus
981 867 1041 934 luit
1069 865 1192 946 homini,
1215 873 1258 932 nt

277 982 380 1040 ¹esset
402 973 540 1058 cupidus
571 974 675 1059 magui
710 974 813 1041 meriti
838 974 924 1060 apud
949 973 1051 1041 Deum
1076 980 1107 1040 et
1134 989 1258 1058 magna·

219 1149 222 1156 ,
297 1099 370 1148 rum
396 1081 552 1150 virtutum
573 1088 605 1149 et
622 1080 798 1155 multorum
825 1081 981 1148 honorum
1006 1099 1151 1167 operum,
1172 1087 1200 1146 et
1217 1087 1256 1146 nt

297 1185 415 1275 multas
438 1187 561 1254 animas
583 1186 766 1254 lucraretur
788 1187 854 1254 Deo
877 1187 1031 1268 docendo,
1054 1187 1181 1266 orando,
1202 1185 1259 1252 bo

297 1311 375 1360 nrum
410 1293 599 1379 exemplum
636 1293 743 1360 dando
777 1301 808 1361 et
834 1294 972 1361 iuvando
1006 1293 1047 1360 od
1082 1293 1259 1380 proiectum

297 1399 420 1478 salutis
444 1406 476 1467 et
499 1406 535 1467 ut
559 1417 620 1465 non
645 1405 729 1466 esset
753 1400 849 1465 homo
873 1407 1041 1466 contentus
1064 1399 1156 1477 bono,
1172 1398 1261 1484 quod

297 1505 360 1571 iam
385 1506 528 1587 heberet,
552 1505 613 1572 nisi
630 1505 801 1586 laboraret,
819 1513 854 1573 ut
873 1505 1092 1590 multipliciter
1108 1523 1261 1591 augeren-

298 1620 351 1679 tur
375 1610 404 1679 ei
428 1619 460 1697 et
491 1611 593 1698 gratia
625 1620 656 1680 et
682 1630 781 1698 opera
809 1612 976 1679 virtutum.
991 1670 993 1674 .
1011 1649 1057 1660 -
1080 1613 1142 1679 Sed
1172 1629 1259 1680 nnnc

298 1718 428 1804 delapsa
452 1727 499 1786 est
522 1719 562 1786 ad
587 1719 792 1805 cupiditatem
811 1720 1036 1806 temporalium
1059 1738 1185 1788 rerum:
1204 1738 1260 1805 pe-

298 1826 421 1902 cuniae,
443 1826 679 1912 possessionum
703 1834 734 1893 et
761 1826 978 1913 quarumlibet
1010 1843 1132 1907 rerum,
1164 1827 1264 1894 etiam

298 1931 422 2012 uilium,
445 1951 528 2019 quae
550 1932 679 2018 colligit,
704 1934 796 2020 quasi
820 1933 916 2000 homo
940 1950 1066 2020 semper
1083 1933 1199 2000 debeat
1216 1932 1264 1998 ri-

298 2056 375 2107 vere
397 2046 429 2106 et
453 2040 594 2108 mundus
625 2040 741 2125 perire,
774 2046 810 2106 ut
833 2047 1004 2126 congreget
1026 2047 1185 2126 quantum
1210 2057 1263 2106 ra·

298 2145 352 2226 let,
376 2163 426 2226 nc,
451 2154 604 2232 pereunte
627 2146 758 2227 mundo,
790 2164 852 2212 non
880 2146 1030 2225 inveniat,
1054 2145 1143 2213 unde
1167 2145 1267 2228 vivat,

300 2252 383 2320 sicut
406 2252 469 2319 Noe
484 2252 506 2333 ¹,
530 2251 715 2320 imminente
750 2251 882 2332 diluvio,
917 2251 1128 2338 comportavit
1163 2269 1265 2333 escas

299 2376 381 2445 ques
405 2359 547 2440 haberet,
571 2359 700 2446 quando
735 2359 842 2425 omnia
878 2358 1000 2425 diluvio
1023 2357 1202 2445 periissent.
1227 2357 1267 2426 Et

299 2471 419 2551 quanto
442 2466 537 2532 homo
561 2465 656 2532 morti
674 2465 877 2553 propinquat,
893 2471 981 2533 tanto
998 2464 1175 2532 studiosius
1190 2481 1267 2532 con-

299 2579 410 2658 grcgat
432 2579 465 2639 et
487 2572 635 2652 custodit,
652 2578 688 2639 ut
703 2572 900 2653 ostendatur,
917 2589 1014 2658 quam
1036 2573 1077 2639 sit
1100 2571 1268 2639 irrationa-

299 2677 373 2745 bilis
395 2678 540 2760 avaritie,
556 2696 594 2746 eo
610 2679 711 2765 magis
735 2678 894 2764 colligere,
918 2678 1110 2765 quominus
1134 2678 1267 2764 indiget,

300 2785 382 2852 sicut
405 2784 460 2870 qui
484 2785 623 2852 multum
648 2784 805 2853 viaticum
822 2784 885 2854 lert
907 2784 949 2851 ad
973 2785 1103 2852 brevem
1120 2785 1217 2864 viam,
1231 2792 1269 2851 et

300 2891 355 2978 qui
379 2898 577 2958 sumtuosam
603 2890 735 2957 domum
759 2890 916 2957 construit
939 2908 998 2975 pro
1034 2890 1131 2958 unius
1163 2889 1268 2958 noctis

300 2997 447 3082 hospitio.
472 2997 545 3064 ldeo
567 2989 674 3064 autem
701 2996 785 3064 Deus
808 2995 920 3075 voluit,
936 3014 994 3064 nos
1010 3013 1138 3081 semper
1163 2996 1267 3064 inccr-

300 3111 350 3172 tos
372 3121 442 3172 esse
465 3104 506 3172 de
529 3105 609 3172 hore
633 3104 755 3184 mortis,
780 3112 818 3172 ut,
839 3121 941 3189 pauca
964 3103 1004 3171 de
1033 3102 1266 3189 temporalibus

301 3211 487 3297 cogitemus,
511 3228 594 3297 quae
629 3209 715 3277 omni
747 3212 828 3278 hora
852 3211 1041 3277 timeremus
1064 3209 1212 3295 perdere,
1233 3215 1266 3278 et

300 3319 403 3386 multa
426 3319 467 3388 de
490 3319 638 3400 aeternis,
661 3318 703 3385 ad
736 3335 818 3404 quae
851 3333 978 3403 semper
1010 3315 1078 3384 sine
1110 3315 1265 3384 intermis-

301 3425 389 3491 sione
413 3442 633 3510 properamus.

374 3545 383 3577 ¹
403 3548 496 3602 (iones.
516 3549 541 3616 6,
561 3550 604 3602 nt.
