<?xml version="1.0" encoding="UTF-8"?>
<!DOCTYPE html PUBLIC "-//W3C//DTD XHTML 1.0 Transitional//EN"
    "http://www.w3.org/TR/xhtml1/DTD/xhtml1-transitional.dtd">
<html xmlns="http://www.w3.org/1999/xhtml" xml:lang="en" lang="en">
 <head>
  <title>
</title>
<meta http-equiv="Content-Type" content="text/html;charset=utf-8" />
  <meta name='ocr-system' content='tesseract 3.04.00' />
  <meta name='ocr-capabilities' content='ocr_page ocr_carea ocr_par ocr_line ocrx_word'/>
</head>
<body>
  <div class='ocr_page' id='page_1' title='image "./deexterioriseti00davigoog_0018.png"; bbox 0 0 2738 4316; ppageno 0'>
   <div class='ocr_carea' id='block_1_1' title="bbox 494 271 1070 322">
    <p class='ocr_par' dir='ltr' id='par_1_1' title="bbox 494 271 1070 322">
     <span class='ocr_line' id='line_1_1' title="bbox 494 271 1070 322; baseline -0.002 -2"><span class='ocrx_word' id='word_1_1' title='bbox 494 272 678 322; x_wconf 66' lang='lat' dir='ltr'><strong>paturnelo.</strong></span> <span class='ocrx_word' id='word_1_2' title='bbox 1037 271 1070 320; x_wconf 82' lang='lat' dir='ltr'><strong>xl</strong></span> 
     </span>
    </p>
   </div>
   <div class='ocr_carea' id='block_1_2' title="bbox 97 377 1110 3478">
    <p class='ocr_par' dir='ltr' id='par_1_2' title="bbox 97 377 1070 620">
     <span class='ocr_line' id='line_1_2' title="bbox 99 377 1069 447; baseline -0.001 -16"><span class='ocrx_word' id='word_1_3' title='bbox 99 380 196 433; x_wconf 82' lang='lat' dir='ltr'><strong>Fratre</strong></span> <span class='ocrx_word' id='word_1_4' title='bbox 215 380 307 433; x_wconf 86' lang='lat' dir='ltr'><strong>David.</strong></span> <span class='ocrx_word' id='word_1_5' title='bbox 326 381 381 432; x_wconf 82' lang='lat' dir='ltr'><strong>linc</strong></span> <span class='ocrx_word' id='word_1_6' title='bbox 390 382 549 447; x_wconf 88' lang='lat' dir='ltr'><strong>quaestionis</strong></span> <span class='ocrx_word' id='word_1_7' title='bbox 561 381 689 432; x_wconf 87' lang='lat' dir='ltr'><strong>solutione</strong></span> <span class='ocrx_word' id='word_1_8' title='bbox 709 379 749 432; x_wconf 89' lang='lat' dir='ltr'><strong>lile</strong></span> <span class='ocrx_word' id='word_1_9' title='bbox 763 384 837 444; x_wconf 90' lang='lat' dir='ltr'><strong>pulal</strong></span> <span class='ocrx_word' id='word_1_10' title='bbox 856 380 882 430; x_wconf 94' lang='lat' dir='ltr'><strong>in</strong></span> <span class='ocrx_word' id='word_1_11' title='bbox 901 377 1069 431; x_wconf 77' lang='lat' dir='ltr'><strong>concordiam</strong></span> 
     </span>
     <span class='ocr_line' id='line_1_3' title="bbox 97 463 1070 534; baseline 0 -14"><span class='ocrx_word' id='word_1_12' title='bbox 97 468 191 534; x_wconf 77' lang='lat' dir='ltr'><strong>redigi</strong></span> <span class='ocrx_word' id='word_1_13' title='bbox 202 483 281 532; x_wconf 81' lang='lat' dir='ltr'><strong>posse</strong></span> <span class='ocrx_word' id='word_1_14' title='bbox 290 463 453 534; x_wconf 77' lang='lat' dir='ltr'><strong>praedictam</strong></span> <span class='ocrx_word' id='word_1_15' title='bbox 467 467 588 521; x_wconf 86' lang='lat' dir='ltr'><strong>codicum</strong></span> <span class='ocrx_word' id='word_1_16' title='bbox 601 471 628 521; x_wconf 88' lang='lat' dir='ltr'><strong>el</strong></span> <span class='ocrx_word' id='word_1_17' title='bbox 640 467 784 522; x_wconf 74' lang='lat' dir='ltr'><strong>editionum</strong></span> <span class='ocrx_word' id='word_1_18' title='bbox 795 467 992 520; x_wconf 79' lang='lat' dir='ltr'><strong>dissensionem.</strong></span> <span class='ocrx_word' id='word_1_19' title='bbox 1005 466 1070 520; x_wconf 86' lang='lat' dir='ltr'><strong>Huic</strong></span> 
     </span>
     <span class='ocr_line' id='line_1_4' title="bbox 97 556 893 620; baseline 0 -12"><span class='ocrx_word' id='word_1_20' title='bbox 97 557 247 620; x_wconf 75' lang='lat' dir='ltr'><strong>hypothesi</strong></span> <span class='ocrx_word' id='word_1_21' title='bbox 266 558 395 609; x_wconf 81' lang='lat' dir='ltr'><strong>consentit</strong></span> <span class='ocrx_word' id='word_1_22' title='bbox 413 558 491 610; x_wconf 85' lang='lat' dir='ltr'><strong>etiam</strong></span> <span class='ocrx_word' id='word_1_23' title='bbox 511 557 614 609; x_wconf 85' lang='lat' dir='ltr'><strong>lociram</strong></span> <span class='ocrx_word' id='word_1_24' title='bbox 634 557 659 608; x_wconf 94' lang='lat' dir='ltr'><strong>in</strong></span> <span class='ocrx_word' id='word_1_25' title='bbox 679 557 757 608; x_wconf 85' lang='lat' dir='ltr'><strong>citato</strong></span> <span class='ocrx_word' id='word_1_26' title='bbox 775 556 893 608; x_wconf 89' lang='lat' dir='ltr'><strong>articulo.</strong></span> 
     </span>
    </p>

    <p class='ocr_par' dir='ltr' id='par_1_3' title="bbox 97 643 1071 1246">
     <span class='ocr_line' id='line_1_5' title="bbox 178 643 1070 710; baseline -0.003 -12"><span class='ocrx_word' id='word_1_27' title='bbox 178 646 231 698; x_wconf 87' lang='lat' dir='ltr'><strong>Sed</strong></span> <span class='ocrx_word' id='word_1_28' title='bbox 249 647 314 700; x_wconf 81' lang='lat' dir='ltr'><strong>llaec</strong></span> <span class='ocrx_word' id='word_1_29' title='bbox 332 647 430 710; x_wconf 86' lang='lat' dir='ltr'><strong>opinio,</strong></span> <span class='ocrx_word' id='word_1_30' title='bbox 449 647 490 698; x_wconf 91' lang='lat' dir='ltr'><strong>cui</strong></span> <span class='ocrx_word' id='word_1_31' title='bbox 510 647 568 710; x_wconf 86' lang='lat' dir='ltr'><strong>ipsa</strong></span> <span class='ocrx_word' id='word_1_32' title='bbox 593 645 714 710; x_wconf 87' lang='lat' dir='ltr'><strong>opuscull</strong></span> <span class='ocrx_word' id='word_1_33' title='bbox 731 645 834 698; x_wconf 90' lang='lat' dir='ltr'><strong>indoles</strong></span> <span class='ocrx_word' id='word_1_34' title='bbox 858 647 967 698; x_wconf 91' lang='lat' dir='ltr'><strong>minime</strong></span> <span class='ocrx_word' id='word_1_35' title='bbox 990 643 1070 707; x_wconf 86' lang='lat' dir='ltr'><strong>lavet,</strong></span> 
     </span>
     <span class='ocr_line' id='line_1_6' title="bbox 97 733 1070 801; baseline -0.002 -13"><span class='ocrx_word' id='word_1_36' title='bbox 97 736 180 789; x_wconf 92' lang='lat' dir='ltr'><strong>nullo</strong></span> <span class='ocrx_word' id='word_1_37' title='bbox 193 737 315 789; x_wconf 87' lang='lat' dir='ltr'><strong>historico</strong></span> <span class='ocrx_word' id='word_1_38' title='bbox 326 734 485 789; x_wconf 90' lang='lat' dir='ltr'><strong>documento</strong></span> <span class='ocrx_word' id='word_1_39' title='bbox 498 735 682 797; x_wconf 65' lang='lat' dir='ltr'><strong>confirmatum</strong></span> <span class='ocrx_word' id='word_1_40' title='bbox 696 736 822 800; x_wconf 79' lang='lat' dir='ltr'><strong>supponit</strong></span> <span class='ocrx_word' id='word_1_41' title='bbox 834 735 923 800; x_wconf 89' lang='lat' dir='ltr'><strong>etiam,</strong></span> <span class='ocrx_word' id='word_1_42' title='bbox 938 733 1011 801; x_wconf 92' lang='lat' dir='ltr'><strong>quod</strong></span> <span class='ocrx_word' id='word_1_43' title='bbox 1024 733 1070 786; x_wconf 90' lang='lat' dir='ltr'><strong>Bo·</strong></span> 
     </span>
     <span class='ocr_line' id='line_1_7' title="bbox 98 820 1071 890; baseline -0.004 -14"><span class='ocrx_word' id='word_1_44' title='bbox 98 829 253 877; x_wconf 86' lang='lat' dir='ltr'><strong>navenlnra</strong></span> <span class='ocrx_word' id='word_1_45' title='bbox 273 825 347 889; x_wconf 89' lang='lat' dir='ltr'><strong>prius</strong></span> <span class='ocrx_word' id='word_1_46' title='bbox 366 825 500 889; x_wconf 81' lang='lat' dir='ltr'><strong>scripserit</strong></span> <span class='ocrx_word' id='word_1_47' title='bbox 518 837 599 890; x_wconf 89' lang='lat' dir='ltr'><strong>quam</strong></span> <span class='ocrx_word' id='word_1_48' title='bbox 617 823 658 876; x_wconf 83' lang='lat' dir='ltr'><strong>Fr.</strong></span> <span class='ocrx_word' id='word_1_49' title='bbox 679 822 771 887; x_wconf 86' lang='lat' dir='ltr'><strong>David,</strong></span> <span class='ocrx_word' id='word_1_50' title='bbox 791 820 865 890; x_wconf 93' lang='lat' dir='ltr'><strong>quod</strong></span> <span class='ocrx_word' id='word_1_51' title='bbox 883 821 975 874; x_wconf 86' lang='lat' dir='ltr'><strong>saliem</strong></span> <span class='ocrx_word' id='word_1_52' title='bbox 993 820 1071 874; x_wconf 87' lang='lat' dir='ltr'><strong>valde</strong></span> 
     </span>
     <span class='ocr_line' id='line_1_8' title="bbox 101 905 1070 978; baseline -0.004 -12"><span class='ocrx_word' id='word_1_53' title='bbox 101 913 221 966; x_wconf 89' lang='lat' dir='ltr'><strong>dubium</strong></span> <span class='ocrx_word' id='word_1_54' title='bbox 241 920 280 966; x_wconf 89' lang='lat' dir='ltr'><strong>est</strong></span> <span class='ocrx_word' id='word_1_55' title='bbox 298 918 323 965; x_wconf 88' lang='lat' dir='ltr'><strong>et</strong></span> <span class='ocrx_word' id='word_1_56' title='bbox 341 926 450 978; x_wconf 85' lang='lat' dir='ltr'><strong>prorsus</strong></span> <span class='ocrx_word' id='word_1_57' title='bbox 469 912 677 978; x_wconf 88' lang='lat' dir='ltr'><strong>reprobandum,</strong></span> <span class='ocrx_word' id='word_1_58' title='bbox 704 913 726 964; x_wconf 89' lang='lat' dir='ltr'><strong>si</strong></span> <span class='ocrx_word' id='word_1_59' title='bbox 754 905 847 964; x_wconf 71' lang='lat' dir='ltr'><strong>‘ererum</strong></span> <span class='ocrx_word' id='word_1_60' title='bbox 875 916 923 978; x_wconf 87' lang='lat' dir='ltr'><strong>est,</strong></span> <span class='ocrx_word' id='word_1_61' title='bbox 954 911 1070 963; x_wconf 85' lang='lat' dir='ltr'><strong>Fratrem</strong></span> 
     </span>
     <span class='ocr_line' id='line_1_9' title="bbox 100 999 1069 1068; baseline -0.003 -13"><span class='ocrx_word' id='word_1_62' title='bbox 100 1003 193 1056; x_wconf 90' lang='lat' dir='ltr'><strong>David</strong></span> <span class='ocrx_word' id='word_1_63' title='bbox 212 1003 291 1056; x_wconf 85' lang='lat' dir='ltr'><strong>luisse</strong></span> <span class='ocrx_word' id='word_1_64' title='bbox 309 1004 466 1068; x_wconf 74' lang='lat' dir='ltr'><strong>magistrum</strong></span> <span class='ocrx_word' id='word_1_65' title='bbox 486 1002 581 1056; x_wconf 83' lang='lat' dir='ltr'><strong>Fratris</strong></span> <span class='ocrx_word' id='word_1_66' title='bbox 607 1001 745 1054; x_wconf 81' lang='lat' dir='ltr'><strong>lleriholdi.</strong></span> <span class='ocrx_word' id='word_1_67' title='bbox 769 1001 832 1052; x_wconf 87' lang='lat' dir='ltr'><strong>Nam</strong></span> <span class='ocrx_word' id='word_1_68' title='bbox 856 999 998 1054; x_wconf 85' lang='lat' dir='ltr'><strong>ienendum</strong></span> <span class='ocrx_word' id='word_1_69' title='bbox 1022 1005 1069 1066; x_wconf 87' lang='lat' dir='ltr'><strong>est,</strong></span> 
     </span>
     <span class='ocr_line' id='line_1_10' title="bbox 104 1089 1071 1157; baseline -0.002 -13"><span class='ocrx_word' id='word_1_70' title='bbox 104 1094 131 1144; x_wconf 89' lang='lat' dir='ltr'><strong>S.</strong></span> <span class='ocrx_word' id='word_1_71' title='bbox 153 1092 365 1146; x_wconf 85' lang='lat' dir='ltr'><strong>Bonavenluram</strong></span> <span class='ocrx_word' id='word_1_72' title='bbox 384 1096 444 1144; x_wconf 87' lang='lat' dir='ltr'><strong>ante</strong></span> <span class='ocrx_word' id='word_1_73' title='bbox 463 1105 561 1144; x_wconf 90' lang='lat' dir='ltr'><strong>annum</strong></span> <span class='ocrx_word' id='word_1_74' title='bbox 582 1089 660 1155; x_wconf 71' lang='lat' dir='ltr'><strong>tait,</strong></span> <span class='ocrx_word' id='word_1_75' title='bbox 686 1103 740 1157; x_wconf 91' lang='lat' dir='ltr'><strong>quo</strong></span> <span class='ocrx_word' id='word_1_76' title='bbox 767 1089 865 1142; x_wconf 89' lang='lat' dir='ltr'><strong>electus</strong></span> <span class='ocrx_word' id='word_1_77' title='bbox 889 1097 930 1142; x_wconf 92' lang='lat' dir='ltr'><strong>est</strong></span> <span class='ocrx_word' id='word_1_78' title='bbox 957 1089 1071 1142; x_wconf 79' lang='lat' dir='ltr'><strong>Minister</strong></span> 
     </span>
     <span class='ocr_line' id='line_1_11' title="bbox 100 1181 679 1246; baseline -0.007 -12"><span class='ocrx_word' id='word_1_79' title='bbox 100 1182 251 1246; x_wconf 80' lang='lat' dir='ltr'><strong>Generalis,</strong></span> <span class='ocrx_word' id='word_1_80' title='bbox 271 1194 322 1232; x_wconf 92' lang='lat' dir='ltr'><strong>nnn</strong></span> <span class='ocrx_word' id='word_1_81' title='bbox 342 1182 479 1246; x_wconf 84' lang='lat' dir='ltr'><strong>scripsisse</strong></span> <span class='ocrx_word' id='word_1_82' title='bbox 497 1194 546 1245; x_wconf 90' lang='lat' dir='ltr'><strong>pro</strong></span> <span class='ocrx_word' id='word_1_83' title='bbox 566 1181 679 1231; x_wconf 89' lang='lat' dir='ltr'><strong>novitiis.</strong></span> 
     </span>
    </p>

    <p class='ocr_par' dir='ltr' id='par_1_4' title="bbox 105 1266 1084 1868">
     <span class='ocr_line' id='line_1_12' title="bbox 182 1266 1071 1335; baseline -0.003 -12"><span class='ocrx_word' id='word_1_84' title='bbox 182 1272 226 1323; x_wconf 88' lang='lat' dir='ltr'><strong>Dr.</strong></span> <span class='ocrx_word' id='word_1_85' title='bbox 252 1269 376 1335; x_wconf 85' lang='lat' dir='ltr'><strong>Lempp¹</strong></span> <span class='ocrx_word' id='word_1_86' title='bbox 403 1271 503 1322; x_wconf 92' lang='lat' dir='ltr'><strong>nullum</strong></span> <span class='ocrx_word' id='word_1_87' title='bbox 532 1271 592 1322; x_wconf 87' lang='lat' dir='ltr'><strong>lruic</strong></span> <span class='ocrx_word' id='word_1_88' title='bbox 618 1268 684 1322; x_wconf 89' lang='lat' dir='ltr'><strong>libro</strong></span> <span class='ocrx_word' id='word_1_89' title='bbox 713 1270 829 1334; x_wconf 86' lang='lat' dir='ltr'><strong>assignat</strong></span> <span class='ocrx_word' id='word_1_90' title='bbox 853 1274 995 1331; x_wconf 83' lang='lat' dir='ltr'><strong>auctorem,</strong></span> <span class='ocrx_word' id='word_1_91' title='bbox 1023 1266 1071 1320; x_wconf 88' lang='lat' dir='ltr'><strong>sad</strong></span> 
     </span>
     <span class='ocr_line' id='line_1_13' title="bbox 105 1355 1072 1424; baseline -0.005 -13"><span class='ocrx_word' id='word_1_92' title='bbox 105 1365 210 1411; x_wconf 89' lang='lat' dir='ltr'><strong>lanium</strong></span> <span class='ocrx_word' id='word_1_93' title='bbox 231 1359 295 1424; x_wconf 84' lang='lat' dir='ltr'><strong>vtrit,</strong></span> <span class='ocrx_word' id='word_1_94' title='bbox 316 1360 403 1422; x_wconf 89' lang='lat' dir='ltr'><strong>ipsum</strong></span> <span class='ocrx_word' id='word_1_95' title='bbox 424 1358 511 1422; x_wconf 91' lang='lat' dir='ltr'><strong>potius</strong></span> <span class='ocrx_word' id='word_1_96' title='bbox 524 1355 728 1409; x_wconf 87' lang='lat' dir='ltr'><strong>abiudioandnm</strong></span> <span class='ocrx_word' id='word_1_97' title='bbox 742 1369 800 1408; x_wconf 85' lang='lat' dir='ltr'><strong>esse</strong></span> <span class='ocrx_word' id='word_1_98' title='bbox 819 1355 899 1408; x_wconf 79' lang='lat' dir='ltr'><strong>Fratri</strong></span> <span class='ocrx_word' id='word_1_99' title='bbox 913 1355 1007 1407; x_wconf 85' lang='lat' dir='ltr'><strong>David.</strong></span> <span class='ocrx_word' id='word_1_100' title='bbox 1025 1355 1072 1406; x_wconf 84' lang='lat' dir='ltr'><strong>lia·</strong></span> 
     </span>
     <span class='ocr_line' id='line_1_14' title="bbox 105 1443 1072 1510; baseline -0.004 -12"><span class='ocrx_word' id='word_1_101' title='bbox 105 1449 193 1498; x_wconf 90' lang='lat' dir='ltr'><strong>tiones</strong></span> <span class='ocrx_word' id='word_1_102' title='bbox 211 1446 398 1510; x_wconf 83' lang='lat' dir='ltr'><strong>congruentiae</strong></span> <span class='ocrx_word' id='word_1_103' title='bbox 417 1444 450 1496; x_wconf 86' lang='lat' dir='ltr'><strong>ab</strong></span> <span class='ocrx_word' id='word_1_104' title='bbox 469 1447 527 1509; x_wconf 90' lang='lat' dir='ltr'><strong>ipso</strong></span> <span class='ocrx_word' id='word_1_105' title='bbox 547 1445 662 1509; x_wconf 88' lang='lat' dir='ltr'><strong>prolatae</strong></span> <span class='ocrx_word' id='word_1_106' title='bbox 680 1457 775 1509; x_wconf 89' lang='lat' dir='ltr'><strong>parum</strong></span> <span class='ocrx_word' id='word_1_107' title='bbox 794 1444 890 1507; x_wconf 87' lang='lat' dir='ltr'><strong>valent,</strong></span> <span class='ocrx_word' id='word_1_108' title='bbox 909 1445 991 1494; x_wconf 92' lang='lat' dir='ltr'><strong>immo</strong></span> <span class='ocrx_word' id='word_1_109' title='bbox 1004 1443 1072 1507; x_wconf 93' lang='lat' dir='ltr'><strong>prin·</strong></span> 
     </span>
     <span class='ocr_line' id='line_1_15' title="bbox 106 1529 1084 1610; baseline -0.006 -22"><span class='ocrx_word' id='word_1_110' title='bbox 106 1535 201 1600; x_wconf 79' lang='lat' dir='ltr'><strong>cipalis</strong></span> <span class='ocrx_word' id='word_1_111' title='bbox 214 1536 279 1587; x_wconf 87' lang='lat' dir='ltr'><strong>ratio</strong></span> <span class='ocrx_word' id='word_1_112' title='bbox 293 1533 416 1588; x_wconf 87' lang='lat' dir='ltr'><strong>lundatur</strong></span> <span class='ocrx_word' id='word_1_113' title='bbox 429 1537 454 1586; x_wconf 95' lang='lat' dir='ltr'><strong>in</strong></span> <span class='ocrx_word' id='word_1_114' title='bbox 468 1534 531 1586; x_wconf 89' lang='lat' dir='ltr'><strong>ialsa</strong></span> <span class='ocrx_word' id='word_1_115' title='bbox 550 1533 739 1600; x_wconf 83' lang='lat' dir='ltr'><strong>suppositione,</strong></span> <span class='ocrx_word' id='word_1_116' title='bbox 757 1532 829 1600; x_wconf 92' lang='lat' dir='ltr'><strong>quod</strong></span> <span class='ocrx_word' id='word_1_117' title='bbox 843 1529 923 1610; x_wconf 73' lang='lat' dir='ltr'><strong>mulla</strong></span> <span class='ocrx_word' id='word_1_118' title='bbox 943 1545 974 1584; x_wconf 88' lang='lat' dir='ltr'><strong>ex</strong></span> <span class='ocrx_word' id='word_1_119' title='bbox 994 1532 1084 1584; x_wconf 82' lang='lat' dir='ltr'><strong>l’airl··</strong></span> 
     </span>
     <span class='ocr_line' id='line_1_16' title="bbox 105 1620 1072 1690; baseline -0.006 -12"><span class='ocrx_word' id='word_1_120' title='bbox 105 1625 161 1678; x_wconf 87' lang='lat' dir='ltr'><strong>bus</strong></span> <span class='ocrx_word' id='word_1_121' title='bbox 174 1632 261 1676; x_wconf 87' lang='lat' dir='ltr'><strong>sumta</strong></span> <span class='ocrx_word' id='word_1_122' title='bbox 274 1621 466 1689; x_wconf 79' lang='lat' dir='ltr'><strong>uddllnmcnlu,</strong></span> <span class='ocrx_word' id='word_1_123' title='bbox 482 1637 551 1690; x_wconf 90' lang='lat' dir='ltr'><strong>quae</strong></span> <span class='ocrx_word' id='word_1_124' title='bbox 564 1621 643 1676; x_wconf 85' lang='lat' dir='ltr'><strong>nabet</strong></span> <span class='ocrx_word' id='word_1_125' title='bbox 655 1622 698 1676; x_wconf 84' lang='lat' dir='ltr'><strong>ed.</strong></span> <span class='ocrx_word' id='word_1_126' title='bbox 708 1624 860 1687; x_wconf 76' lang='lat' dir='ltr'><strong>augustana</strong></span> <span class='ocrx_word' id='word_1_127' title='bbox 874 1635 915 1672; x_wconf 87' lang='lat' dir='ltr'><strong>nn.</strong></span> <span class='ocrx_word' id='word_1_128' title='bbox 930 1620 1008 1686; x_wconf 69' lang='lat' dir='ltr'><strong>totto,</strong></span> <span class='ocrx_word' id='word_1_129' title='bbox 1021 1621 1072 1672; x_wconf 89' lang='lat' dir='ltr'><strong>sint</strong></span> 
     </span>
     <span class='ocr_line' id='line_1_17' title="bbox 106 1711 1072 1780; baseline -0.004 -14"><span class='ocrx_word' id='word_1_130' title='bbox 106 1715 239 1779; x_wconf 85' lang='lat' dir='ltr'><strong>genuina;</strong></span> <span class='ocrx_word' id='word_1_131' title='bbox 259 1713 330 1780; x_wconf 92' lang='lat' dir='ltr'><strong>quod</strong></span> <span class='ocrx_word' id='word_1_132' title='bbox 349 1721 388 1767; x_wconf 86' lang='lat' dir='ltr'><strong>eat</strong></span> <span class='ocrx_word' id='word_1_133' title='bbox 407 1713 500 1766; x_wconf 85' lang='lat' dir='ltr'><strong>laisum</strong></span> <span class='ocrx_word' id='word_1_134' title='bbox 520 1717 546 1764; x_wconf 92' lang='lat' dir='ltr'><strong>et</strong></span> <span class='ocrx_word' id='word_1_135' title='bbox 569 1719 659 1765; x_wconf 87' lang='lat' dir='ltr'><strong>eontra</strong></span> <span class='ocrx_word' id='word_1_136' title='bbox 685 1725 777 1764; x_wconf 92' lang='lat' dir='ltr'><strong>omnes</strong></span> <span class='ocrx_word' id='word_1_137' title='bbox 802 1724 870 1778; x_wconf 90' lang='lat' dir='ltr'><strong>quos</strong></span> <span class='ocrx_word' id='word_1_138' title='bbox 891 1711 1072 1762; x_wconf 89' lang='lat' dir='ltr'><strong>consuluimus</strong></span> 
     </span>
     <span class='ocr_line' id='line_1_18' title="bbox 107 1801 1015 1868; baseline -0.009 -12"><span class='ocrx_word' id='word_1_139' title='bbox 107 1803 217 1856; x_wconf 86' lang='lat' dir='ltr'><strong>codices</strong></span> <span class='ocrx_word' id='word_1_140' title='bbox 235 1809 261 1855; x_wconf 86' lang='lat' dir='ltr'><strong>ut</strong></span> <span class='ocrx_word' id='word_1_141' title='bbox 278 1802 414 1868; x_wconf 87' lang='lat' dir='ltr'><strong>editiones,</strong></span> <span class='ocrx_word' id='word_1_142' title='bbox 433 1801 467 1854; x_wconf 90' lang='lat' dir='ltr'><strong>de</strong></span> <span class='ocrx_word' id='word_1_143' title='bbox 485 1815 540 1868; x_wconf 93' lang='lat' dir='ltr'><strong>quo</strong></span> <span class='ocrx_word' id='word_1_144' title='bbox 559 1803 634 1854; x_wconf 88' lang='lat' dir='ltr'><strong>inira.</strong></span> <span class='ocrx_word' id='word_1_145' title='bbox 1012 1843 1015 1848; x_wconf 91' lang='lat'>.</span> 
     </span>
    </p>

    <p class='ocr_par' dir='ltr' id='par_1_5' title="bbox 106 1889 1110 3478">
     <span class='ocr_line' id='line_1_19' title="bbox 181 1889 1072 1959; baseline -0.004 -15"><span class='ocrx_word' id='word_1_146' title='bbox 181 1892 302 1945; x_wconf 84' lang='lat' dir='ltr'><strong>Attamen</strong></span> <span class='ocrx_word' id='word_1_147' title='bbox 320 1894 428 1944; x_wconf 91' lang='lat' dir='ltr'><strong>omnino</strong></span> <span class='ocrx_word' id='word_1_148' title='bbox 448 1891 589 1944; x_wconf 91' lang='lat' dir='ltr'><strong>tenendum</strong></span> <span class='ocrx_word' id='word_1_149' title='bbox 609 1896 655 1955; x_wconf 85' lang='lat' dir='ltr'><strong>est,</strong></span> <span class='ocrx_word' id='word_1_150' title='bbox 676 1892 754 1942; x_wconf 87' lang='lat' dir='ltr'><strong>etiam</strong></span> <span class='ocrx_word' id='word_1_151' title='bbox 772 1889 893 1959; x_wconf 80' lang='lat' dir='ltr'><strong>primurn</strong></span> <span class='ocrx_word' id='word_1_152' title='bbox 913 1889 1009 1942; x_wconf 84' lang='lat' dir='ltr'><strong>librum</strong></span> <span class='ocrx_word' id='word_1_153' title='bbox 1034 1890 1072 1940; x_wconf 91' lang='lat' dir='ltr'><strong>in-</strong></span> 
     </span>
     <span class='ocr_line' id='line_1_20' title="bbox 107 1979 1072 2046; baseline -0.003 -11"><span class='ocrx_word' id='word_1_154' title='bbox 107 1989 216 2046; x_wconf 82' lang='lat' dir='ltr'><strong>tegrum</strong></span> <span class='ocrx_word' id='word_1_155' title='bbox 235 1995 296 2034; x_wconf 90' lang='lat' dir='ltr'><strong>cum</strong></span> <span class='ocrx_word' id='word_1_156' title='bbox 315 1981 420 2034; x_wconf 86' lang='lat' dir='ltr'><strong>duabus</strong></span> <span class='ocrx_word' id='word_1_157' title='bbox 438 1983 493 2033; x_wconf 87' lang='lat' dir='ltr'><strong>suis</strong></span> <span class='ocrx_word' id='word_1_158' title='bbox 513 1980 631 2045; x_wconf 83' lang='lat' dir='ltr'><strong>partibus</strong></span> <span class='ocrx_word' id='word_1_159' title='bbox 650 1979 819 2033; x_wconf 88' lang='lat' dir='ltr'><strong>tribuendum</strong></span> <span class='ocrx_word' id='word_1_160' title='bbox 838 1993 897 2034; x_wconf 86' lang='lat' dir='ltr'><strong>esse</strong></span> <span class='ocrx_word' id='word_1_161' title='bbox 915 1981 997 2032; x_wconf 87' lang='lat' dir='ltr'><strong>Fratri</strong></span> <span class='ocrx_word' id='word_1_162' title='bbox 1022 1979 1072 2032; x_wconf 88' lang='lat' dir='ltr'><strong>Dn-</strong></span> 
     </span>
     <span class='ocr_line' id='line_1_21' title="bbox 106 2067 1110 2137; baseline -0.002 -15"><span class='ocrx_word' id='word_1_163' title='bbox 106 2070 165 2122; x_wconf 82' lang='lat' dir='ltr'><strong>vld.</strong></span> <span class='ocrx_word' id='word_1_164' title='bbox 185 2071 289 2123; x_wconf 85' lang='lat' dir='ltr'><strong>Minime</strong></span> <span class='ocrx_word' id='word_1_165' title='bbox 308 2069 416 2137; x_wconf 87' lang='lat' dir='ltr'><strong>quidem</strong></span> <span class='ocrx_word' id='word_1_166' title='bbox 444 2069 635 2132; x_wconf 88' lang='lat' dir='ltr'><strong>contendimus,</strong></span> <span class='ocrx_word' id='word_1_167' title='bbox 664 2067 755 2122; x_wconf 80' lang='lat' dir='ltr'><strong>andern</strong></span> <span class='ocrx_word' id='word_1_168' title='bbox 785 2069 902 2137; x_wconf 78' lang='lat' dir='ltr'><strong>tempore</strong></span> <span class='ocrx_word' id='word_1_169' title='bbox 929 2071 992 2122; x_wconf 87' lang='lat' dir='ltr'><strong>istos</strong></span> <span class='ocrx_word' id='word_1_170' title='bbox 1020 2075 1072 2120; x_wconf 82' lang='lat' dir='ltr'><strong>tres</strong></span> <span class='ocrx_word' id='word_1_171' title='bbox 1107 2093 1110 2098; x_wconf 93' lang='lat'>·</span> 
     </span>
     <span class='ocr_line' id='line_1_22' title="bbox 108 2158 1071 2224; baseline -0.005 -12"><span class='ocrx_word' id='word_1_172' title='bbox 108 2159 193 2213; x_wconf 87' lang='lat' dir='ltr'><strong>libros</strong></span> <span class='ocrx_word' id='word_1_173' title='bbox 211 2174 270 2213; x_wconf 87' lang='lat' dir='ltr'><strong>esse</strong></span> <span class='ocrx_word' id='word_1_174' title='bbox 287 2161 455 2224; x_wconf 88' lang='lat' dir='ltr'><strong>compositos,</strong></span> <span class='ocrx_word' id='word_1_175' title='bbox 474 2159 522 2212; x_wconf 91' lang='lat' dir='ltr'><strong>sed</strong></span> <span class='ocrx_word' id='word_1_176' title='bbox 541 2168 674 2212; x_wconf 89' lang='lat' dir='ltr'><strong>auctorem</strong></span> <span class='ocrx_word' id='word_1_177' title='bbox 696 2167 784 2224; x_wconf 90' lang='lat' dir='ltr'><strong>postea</strong></span> <span class='ocrx_word' id='word_1_178' title='bbox 805 2161 852 2211; x_wconf 88' lang='lat' dir='ltr'><strong>iras</strong></span> <span class='ocrx_word' id='word_1_179' title='bbox 871 2159 1021 2210; x_wconf 79' lang='lat' dir='ltr'><strong>collationes</strong></span> <span class='ocrx_word' id='word_1_180' title='bbox 1045 2158 1071 2208; x_wconf 92' lang='lat' dir='ltr'><strong>in</strong></span> 
     </span>
     <span class='ocr_line' id='line_1_23' title="bbox 107 2245 1072 2314; baseline -0.004 -12"><span class='ocrx_word' id='word_1_181' title='bbox 107 2263 195 2302; x_wconf 91' lang='lat' dir='ltr'><strong>unum</strong></span> <span class='ocrx_word' id='word_1_182' title='bbox 214 2263 283 2314; x_wconf 88' lang='lat' dir='ltr'><strong>opus</strong></span> <span class='ocrx_word' id='word_1_183' title='bbox 300 2248 441 2308; x_wconf 84' lang='lat' dir='ltr'><strong>adunasse.</strong></span> <span class='ocrx_word' id='word_1_184' title='bbox 459 2277 494 2287; x_wconf 94' lang='lat'>-</span> <span class='ocrx_word' id='word_1_185' title='bbox 513 2248 612 2302; x_wconf 87' lang='lat' dir='ltr'><strong>Verum</strong></span> <span class='ocrx_word' id='word_1_186' title='bbox 632 2249 683 2301; x_wconf 91' lang='lat' dir='ltr'><strong>iam</strong></span> <span class='ocrx_word' id='word_1_187' title='bbox 703 2247 770 2301; x_wconf 89' lang='lat' dir='ltr'><strong>bene</strong></span> <span class='ocrx_word' id='word_1_188' title='bbox 784 2247 850 2300; x_wconf 91' lang='lat' dir='ltr'><strong>vidit</strong></span> <span class='ocrx_word' id='word_1_189' title='bbox 861 2245 983 2299; x_wconf 86' lang='lat' dir='ltr'><strong>Sbaralea</strong></span> <span class='ocrx_word' id='word_1_190' title='bbox 998 2247 1072 2312; x_wconf 87' lang='lat' dir='ltr'><strong>(Sup-</strong></span> 
     </span>
     <span class='ocr_line' id='line_1_24' title="bbox 107 2335 1072 2405; baseline -0.005 -13"><span class='ocrx_word' id='word_1_191' title='bbox 107 2339 237 2405; x_wconf 90' lang='lat' dir='ltr'><strong>plement.</strong></span> <span class='ocrx_word' id='word_1_192' title='bbox 261 2338 296 2392; x_wconf 92' lang='lat' dir='ltr'><strong>ad</strong></span> <span class='ocrx_word' id='word_1_193' title='bbox 315 2339 408 2403; x_wconf 89' lang='lat' dir='ltr'><strong>Script.</strong></span> <span class='ocrx_word' id='word_1_194' title='bbox 428 2335 491 2390; x_wconf 89' lang='lat' dir='ltr'><strong>0rd.</strong></span> <span class='ocrx_word' id='word_1_195' title='bbox 510 2337 571 2390; x_wconf 85' lang='lat' dir='ltr'><strong>llin.</strong></span> <span class='ocrx_word' id='word_1_196' title='bbox 589 2351 615 2401; x_wconf 83' lang='lat' dir='ltr'><strong>p.</strong></span> <span class='ocrx_word' id='word_1_197' title='bbox 636 2337 687 2389; x_wconf 75' lang='lat' dir='ltr'><strong>lou</strong></span> <span class='ocrx_word' id='word_1_198' title='bbox 712 2335 789 2403; x_wconf 86' lang='lat' dir='ltr'><strong>seq).</strong></span> <span class='ocrx_word' id='word_1_199' title='bbox 810 2337 896 2388; x_wconf 85' lang='lat' dir='ltr'><strong>Primo</strong></span> <span class='ocrx_word' id='word_1_200' title='bbox 921 2337 963 2387; x_wconf 87' lang='lat' dir='ltr'><strong>hic</strong></span> <span class='ocrx_word' id='word_1_201' title='bbox 982 2348 1072 2400; x_wconf 88' lang='lat' dir='ltr'><strong>repro·</strong></span> 
     </span>
     <span class='ocr_line' id='line_1_25' title="bbox 107 2423 1072 2492; baseline -0.006 -12"><span class='ocrx_word' id='word_1_202' title='bbox 107 2426 157 2480; x_wconf 90' lang='lat' dir='ltr'><strong>bat</strong></span> <span class='ocrx_word' id='word_1_203' title='bbox 174 2429 325 2492; x_wconf 88' lang='lat' dir='ltr'><strong>opinionem</strong></span> <span class='ocrx_word' id='word_1_204' title='bbox 345 2426 505 2491; x_wconf 88' lang='lat' dir='ltr'><strong>praedictam</strong></span> <span class='ocrx_word' id='word_1_205' title='bbox 525 2425 668 2490; x_wconf 84' lang='lat' dir='ltr'><strong>Waddlngi</strong></span> <span class='ocrx_word' id='word_1_206' title='bbox 688 2427 728 2478; x_wconf 84' lang='lat' dir='ltr'><strong>iris</strong></span> <span class='ocrx_word' id='word_1_207' title='bbox 746 2425 850 2476; x_wconf 86' lang='lat' dir='ltr'><strong>verbis:</strong></span> <span class='ocrx_word' id='word_1_208' title='bbox 873 2423 1072 2491; x_wconf 78' lang='lat' dir='ltr'><strong>«Nequaquam</strong></span> 
     </span>
     <span class='ocr_line' id='line_1_26' title="bbox 107 2513 1073 2580; baseline -0.005 -11"><span class='ocrx_word' id='word_1_209' title='bbox 107 2517 253 2570; x_wconf 80' lang='lat' dir='ltr'><strong>verisimile</strong></span> <span class='ocrx_word' id='word_1_210' title='bbox 271 2523 319 2580; x_wconf 81' lang='lat' dir='ltr'><strong>est,</strong></span> <span class='ocrx_word' id='word_1_211' title='bbox 338 2514 474 2579; x_wconf 85' lang='lat' dir='ltr'><strong>Davidem,</strong></span> <span class='ocrx_word' id='word_1_212' title='bbox 494 2515 581 2566; x_wconf 92' lang='lat' dir='ltr'><strong>virum</strong></span> <span class='ocrx_word' id='word_1_213' title='bbox 600 2514 707 2567; x_wconf 85' lang='lat' dir='ltr'><strong>doctum</strong></span> <span class='ocrx_word' id='word_1_214' title='bbox 726 2520 752 2566; x_wconf 92' lang='lat' dir='ltr'><strong>et</strong></span> <span class='ocrx_word' id='word_1_215' title='bbox 771 2516 853 2579; x_wconf 91' lang='lat' dir='ltr'><strong>pium,</strong></span> <span class='ocrx_word' id='word_1_216' title='bbox 874 2513 970 2565; x_wconf 91' lang='lat' dir='ltr'><strong>nullam</strong></span> <span class='ocrx_word' id='word_1_217' title='bbox 987 2514 1014 2564; x_wconf 87' lang='lat' dir='ltr'><strong>S.</strong></span> <span class='ocrx_word' id='word_1_218' title='bbox 1026 2513 1073 2564; x_wconf 91' lang='lat' dir='ltr'><strong>Bo·</strong></span> 
     </span>
     <span class='ocr_line' id='line_1_27' title="bbox 108 2604 1073 2670; baseline -0.004 -12"><span class='ocrx_word' id='word_1_219' title='bbox 108 2609 272 2658; x_wconf 88' lang='lat' dir='ltr'><strong>naventuroe</strong></span> <span class='ocrx_word' id='word_1_220' title='bbox 291 2606 450 2658; x_wconf 88' lang='lat' dir='ltr'><strong>mentionem</strong></span> <span class='ocrx_word' id='word_1_221' title='bbox 463 2606 489 2656; x_wconf 91' lang='lat' dir='ltr'><strong>in</strong></span> <span class='ocrx_word' id='word_1_222' title='bbox 503 2604 553 2656; x_wconf 86' lang='lat' dir='ltr'><strong>illis</strong></span> <span class='ocrx_word' id='word_1_223' title='bbox 568 2604 669 2670; x_wconf 85' lang='lat' dir='ltr'><strong>iecisse,</strong></span> <span class='ocrx_word' id='word_1_224' title='bbox 681 2605 702 2655; x_wconf 89' lang='lat' dir='ltr'><strong>si</strong></span> <span class='ocrx_word' id='word_1_225' title='bbox 723 2605 835 2668; x_wconf 90' lang='lat' dir='ltr'><strong>primam</strong></span> <span class='ocrx_word' id='word_1_226' title='bbox 854 2605 948 2655; x_wconf 86' lang='lat' dir='ltr'><strong>irorum</strong></span> <span class='ocrx_word' id='word_1_227' title='bbox 962 2615 1073 2666; x_wconf 90' lang='lat' dir='ltr'><strong>opuscu-</strong></span> 
     </span>
     <span class='ocr_line' id='line_1_28' title="bbox 109 2693 1073 2759; baseline -0.007 -11"><span class='ocrx_word' id='word_1_228' title='bbox 109 2697 199 2749; x_wconf 91' lang='lat' dir='ltr'><strong>lorum</strong></span> <span class='ocrx_word' id='word_1_229' title='bbox 218 2699 346 2747; x_wconf 86' lang='lat' dir='ltr'><strong>terturam</strong></span> <span class='ocrx_word' id='word_1_230' title='bbox 364 2694 391 2746; x_wconf 90' lang='lat' dir='ltr'><strong>S.</strong></span> <span class='ocrx_word' id='word_1_231' title='bbox 410 2693 507 2746; x_wconf 90' lang='lat' dir='ltr'><strong>Doctor</strong></span> <span class='ocrx_word' id='word_1_232' title='bbox 525 2694 685 2759; x_wconf 87' lang='lat' dir='ltr'><strong>coniecisset,</strong></span> <span class='ocrx_word' id='word_1_233' title='bbox 704 2694 893 2745; x_wconf 89' lang='lat' dir='ltr'><strong>incrementum</strong></span> <span class='ocrx_word' id='word_1_234' title='bbox 912 2705 978 2744; x_wconf 88' lang='lat' dir='ltr'><strong>vero</strong></span> <span class='ocrx_word' id='word_1_235' title='bbox 990 2699 1016 2744; x_wconf 93' lang='lat' dir='ltr'><strong>et</strong></span> <span class='ocrx_word' id='word_1_236' title='bbox 1033 2703 1073 2742; x_wconf 91' lang='lat' dir='ltr'><strong>or·</strong></span> 
     </span>
     <span class='ocr_line' id='line_1_29' title="bbox 110 2781 1073 2849; baseline -0.006 -12"><span class='ocrx_word' id='word_1_237' title='bbox 110 2785 202 2838; x_wconf 88' lang='lat' dir='ltr'><strong>dinem</strong></span> <span class='ocrx_word' id='word_1_238' title='bbox 222 2783 308 2836; x_wconf 85' lang='lat' dir='ltr'><strong>David</strong></span> <span class='ocrx_word' id='word_1_239' title='bbox 326 2785 392 2849; x_wconf 89' lang='lat' dir='ltr'><strong>ipse,</strong></span> <span class='ocrx_word' id='word_1_240' title='bbox 411 2783 453 2834; x_wconf 87' lang='lat' dir='ltr'><strong>vir</strong></span> <span class='ocrx_word' id='word_1_241' title='bbox 471 2784 603 2849; x_wconf 77' lang='lat' dir='ltr'><strong>ingenuus</strong></span> <span class='ocrx_word' id='word_1_242' title='bbox 622 2782 744 2836; x_wconf 74' lang='lat' dir='ltr'><strong>dedisset„</strong></span> <span class='ocrx_word' id='word_1_243' title='bbox 763 2781 874 2846; x_wconf 88' lang='lat' dir='ltr'><strong>Deinde,</strong></span> <span class='ocrx_word' id='word_1_244' title='bbox 894 2795 926 2832; x_wconf 88' lang='lat' dir='ltr'><strong>an</strong></span> <span class='ocrx_word' id='word_1_245' title='bbox 947 2781 1073 2832; x_wconf 89' lang='lat' dir='ltr'><strong>nonsatis</strong></span> 
     </span>
     <span class='ocr_line' id='line_1_30' title="bbox 108 2868 1073 2940; baseline -0.006 -11"><span class='ocrx_word' id='word_1_246' title='bbox 108 2878 162 2929; x_wconf 82' lang='lat' dir='ltr'><strong>lroc</strong></span> <span class='ocrx_word' id='word_1_247' title='bbox 180 2883 367 2940; x_wconf 79' lang='lat' dir='ltr'><strong>argumentum</strong></span> <span class='ocrx_word' id='word_1_248' title='bbox 387 2874 507 2926; x_wconf 86' lang='lat' dir='ltr'><strong>tractavit</strong></span> <span class='ocrx_word' id='word_1_249' title='bbox 525 2873 706 2925; x_wconf 86' lang='lat' dir='ltr'><strong>Bonnvenlura</strong></span> <span class='ocrx_word' id='word_1_250' title='bbox 723 2874 749 2924; x_wconf 90' lang='lat' dir='ltr'><strong>in</strong></span> <span class='ocrx_word' id='word_1_251' title='bbox 768 2869 871 2940; x_wconf 78' lang='lat' dir='ltr'><strong>Requlu</strong></span> <span class='ocrx_word' id='word_1_252' title='bbox 888 2868 1073 2925; x_wconf 81' lang='lat' dir='ltr'><strong>novitiorum?</strong></span> 
     </span>
     <span class='ocr_line' id='line_1_31' title="bbox 108 2960 1072 3030; baseline -0.006 -14"><span class='ocrx_word' id='word_1_253' title='bbox 108 2963 143 3016; x_wconf 89' lang='lat' dir='ltr'><strong>Ut</strong></span> <span class='ocrx_word' id='word_1_254' title='bbox 161 2963 228 3030; x_wconf 87' lang='lat' dir='ltr'><strong>quid</strong></span> <span class='ocrx_word' id='word_1_255' title='bbox 247 2963 327 3027; x_wconf 81' lang='lat' dir='ltr'><strong>igitur</strong></span> <span class='ocrx_word' id='word_1_256' title='bbox 346 2963 380 3014; x_wconf 91' lang='lat' dir='ltr'><strong>illi</strong></span> <span class='ocrx_word' id='word_1_257' title='bbox 399 2975 505 3016; x_wconf 85' lang='lat' dir='ltr'><strong>necesse</strong></span> <span class='ocrx_word' id='word_1_258' title='bbox 525 2961 572 3014; x_wconf 91' lang='lat' dir='ltr'><strong>inii</strong></span> <span class='ocrx_word' id='word_1_259' title='bbox 599 2960 669 3012; x_wconf 93' lang='lat' dir='ltr'><strong>idem</strong></span> <span class='ocrx_word' id='word_1_260' title='bbox 696 2974 840 3028; x_wconf 84' lang='lat' dir='ltr'><strong>recoquere</strong></span> <span class='ocrx_word' id='word_1_261' title='bbox 860 2961 1023 3025; x_wconf 87' lang='lat' dir='ltr'><strong>pulmentum</strong></span> <span class='ocrx_word' id='word_1_262' title='bbox 1037 2961 1072 3010; x_wconf 82' lang='lat' dir='ltr'><strong>»t</strong></span> 
     </span>
     <span class='ocr_line' id='line_1_32' title="bbox 107 3049 1074 3114; baseline -0.004 -10"><span class='ocrx_word' id='word_1_263' title='bbox 107 3051 258 3104; x_wconf 84' lang='lat' dir='ltr'><strong>-Veram</strong></span> <span class='ocrx_word' id='word_1_264' title='bbox 275 3051 370 3104; x_wconf 90' lang='lat' dir='ltr'><strong>deinde</strong></span> <span class='ocrx_word' id='word_1_265' title='bbox 389 3052 543 3103; x_wconf 87' lang='lat' dir='ltr'><strong>sententiam</strong></span> <span class='ocrx_word' id='word_1_266' title='bbox 562 3049 672 3114; x_wconf 78' lang='lat' dir='ltr'><strong>explicat</strong></span> <span class='ocrx_word' id='word_1_267' title='bbox 690 3051 731 3102; x_wconf 80' lang='lat' dir='ltr'><strong>liis</strong></span> <span class='ocrx_word' id='word_1_268' title='bbox 749 3049 852 3102; x_wconf 85' lang='lat' dir='ltr'><strong>verbis:</strong></span> <span class='ocrx_word' id='word_1_269' title='bbox 874 3068 888 3096; x_wconf 75' lang='grc' dir='ltr'><strong>α</strong></span> <span class='ocrx_word' id='word_1_270' title='bbox 902 3051 967 3102; x_wconf 85' lang='lat' dir='ltr'><strong>Sunt</strong></span> <span class='ocrx_word' id='word_1_271' title='bbox 985 3057 1074 3102; x_wconf 86' lang='lat' dir='ltr'><strong>autem</strong></span> 
     </span>
     <span class='ocr_line' id='line_1_33' title="bbox 107 3138 1073 3205; baseline -0.005 -10"><span class='ocrx_word' id='word_1_272' title='bbox 107 3149 164 3196; x_wconf 91' lang='lat' dir='ltr'><strong>tres</strong></span> <span class='ocrx_word' id='word_1_273' title='bbox 176 3140 236 3194; x_wconf 84' lang='lat' dir='ltr'><strong>libri</strong></span> <span class='ocrx_word' id='word_1_274' title='bbox 250 3143 300 3194; x_wconf 89' lang='lat' dir='ltr'><strong>hoc</strong></span> <span class='ocrx_word' id='word_1_275' title='bbox 313 3141 405 3194; x_wconf 89' lang='lat' dir='ltr'><strong>ordine</strong></span> <span class='ocrx_word' id='word_1_276' title='bbox 417 3139 550 3204; x_wconf 86' lang='lat' dir='ltr'><strong>dispositi:</strong></span> <span class='ocrx_word' id='word_1_277' title='bbox 571 3141 672 3205; x_wconf 86' lang='lat' dir='ltr'><strong>primus</strong></span> <span class='ocrx_word' id='word_1_278' title='bbox 684 3141 798 3192; x_wconf 91' lang='lat' dir='ltr'><strong>continet</strong></span> <span class='ocrx_word' id='word_1_279' title='bbox 810 3138 845 3191; x_wconf 92' lang='lat' dir='ltr'><strong>de</strong></span> <span class='ocrx_word' id='word_1_280' title='bbox 857 3139 983 3191; x_wconf 76' lang='lat' dir='ltr'><strong>exteriore</strong></span> <span class='ocrx_word' id='word_1_281' title='bbox 996 3144 1022 3190; x_wconf 93' lang='lat' dir='ltr'><strong>et</strong></span> <span class='ocrx_word' id='word_1_282' title='bbox 1039 3138 1073 3191; x_wconf 89' lang='lat' dir='ltr'><strong>de</strong></span> 
     </span>
     <span class='ocr_line' id='line_1_34' title="bbox 106 3228 1074 3297; baseline -0.005 -12"><span class='ocrx_word' id='word_1_283' title='bbox 106 3233 234 3285; x_wconf 87' lang='lat' dir='ltr'><strong>interiore</strong></span> <span class='ocrx_word' id='word_1_284' title='bbox 245 3229 278 3297; x_wconf 79' lang='lat' dir='ltr'><strong>(i)</strong></span> <span class='ocrx_word' id='word_1_285' title='bbox 297 3231 412 3296; x_wconf 85' lang='lat' dir='ltr'><strong>homine,</strong></span> <span class='ocrx_word' id='word_1_286' title='bbox 425 3231 481 3282; x_wconf 87' lang='lat' dir='ltr'><strong>sive</strong></span> <span class='ocrx_word' id='word_1_287' title='bbox 495 3229 528 3282; x_wconf 89' lang='lat' dir='ltr'><strong>de</strong></span> <span class='ocrx_word' id='word_1_288' title='bbox 541 3229 634 3294; x_wconf 88' lang='lat' dir='ltr'><strong>triplici</strong></span> <span class='ocrx_word' id='word_1_289' title='bbox 648 3235 716 3282; x_wconf 86' lang='lat' dir='ltr'><strong>statu</strong></span> <span class='ocrx_word' id='word_1_290' title='bbox 731 3228 938 3293; x_wconf 80' lang='lat' dir='ltr'><strong>Religiosorum:</strong></span> <span class='ocrx_word' id='word_1_291' title='bbox 951 3229 1074 3291; x_wconf 87' lang='lat' dir='ltr'><strong>incipien-</strong></span> 
     </span>
     <span class='ocr_line' id='line_1_35' title="bbox 106 3313 1074 3386; baseline -0.005 -11"><span class='ocrx_word' id='word_1_292' title='bbox 106 3323 188 3386; x_wconf 91' lang='lat' dir='ltr'><strong>tium,</strong></span> <span class='ocrx_word' id='word_1_293' title='bbox 206 3319 400 3385; x_wconf 88' lang='lat' dir='ltr'><strong>prolicientlum</strong></span> <span class='ocrx_word' id='word_1_294' title='bbox 419 3324 445 3372; x_wconf 91' lang='lat' dir='ltr'><strong>et</strong></span> <span class='ocrx_word' id='word_1_295' title='bbox 463 3321 650 3384; x_wconf 88' lang='lat' dir='ltr'><strong>perlectorum;</strong></span> <span class='ocrx_word' id='word_1_296' title='bbox 669 3324 696 3370; x_wconf 85' lang='lat' dir='ltr'><strong>et</strong></span> <span class='ocrx_word' id='word_1_297' title='bbox 714 3319 800 3383; x_wconf 91' lang='lat' dir='ltr'><strong>primo</strong></span> <span class='ocrx_word' id='word_1_298' title='bbox 825 3316 859 3369; x_wconf 90' lang='lat' dir='ltr'><strong>de</strong></span> <span class='ocrx_word' id='word_1_299' title='bbox 883 3313 1074 3384; x_wconf 78' lang='lat' dir='ltr'><strong>informatione</strong></span> 
     </span>
     <span class='ocr_line' id='line_1_36' title="bbox 106 3404 1074 3478; baseline -0.007 -13"><span class='ocrx_word' id='word_1_300' title='bbox 106 3407 279 3465; x_wconf 84' lang='lat' dir='ltr'><strong>novitiorum</strong></span> <span class='ocrx_word' id='word_1_301' title='bbox 296 3421 363 3478; x_wconf 82' lang='lat' dir='ltr'><strong>paro</strong></span> <span class='ocrx_word' id='word_1_302' title='bbox 382 3409 404 3462; x_wconf 91' lang='lat' dir='ltr'><strong>l.</strong></span> <span class='ocrx_word' id='word_1_303' title='bbox 424 3408 529 3474; x_wconf 85' lang='lat' dir='ltr'><strong>incipit:</strong></span> <span class='ocrx_word' id='word_1_304' title='bbox 548 3405 641 3461; x_wconf 84' lang='lat' dir='ltr'><strong>Primo</strong></span> <span class='ocrx_word' id='word_1_305' title='bbox 660 3420 765 3476; x_wconf 82' lang='lat' dir='ltr'><strong>semper</strong></span> <span class='ocrx_word' id='word_1_306' title='bbox 791 3404 886 3472; x_wconf 58' lang='lat' dir='ltr'><strong>dolrem</strong></span> <span class='ocrx_word' id='word_1_307' title='bbox 908 3406 986 3458; x_wconf 89' lang='lat' dir='ltr'><strong>altera</strong></span> <span class='ocrx_word' id='word_1_308' title='bbox 1011 3419 1074 3471; x_wconf 90' lang='lat' dir='ltr'><strong>pars</strong></span> 
     </span>
    </p>
   </div>
   <div class='ocr_carea' id='block_1_3' title="bbox 106 3510 1071 3653">
    <p class='ocr_par' dir='ltr' id='par_1_6' title="bbox 106 3510 1071 3653">
     <span class='ocr_line' id='line_1_37' title="bbox 174 3510 1071 3574; baseline -0.004 -12"><span class='ocrx_word' id='word_1_309' title='bbox 174 3513 185 3546; x_wconf 84' lang='lat'><strong>¹</strong></span> <span class='ocrx_word' id='word_1_310' title='bbox 201 3514 230 3561; x_wconf 90' lang='lat' dir='ltr'><strong>Iu</strong></span> <span class='ocrx_word' id='word_1_311' title='bbox 246 3513 322 3562; x_wconf 77' lang='lat' dir='ltr'><strong>citato</strong></span> <span class='ocrx_word' id='word_1_312' title='bbox 332 3511 434 3562; x_wconf 74' lang='lat' dir='ltr'><strong>articulo</strong></span> <span class='ocrx_word' id='word_1_313' title='bbox 443 3527 468 3574; x_wconf 86' lang='lat' dir='ltr'><strong>p.</strong></span> <span class='ocrx_word' id='word_1_314' title='bbox 481 3513 511 3560; x_wconf 71' lang='lat'><strong>22</strong></span> <span class='ocrx_word' id='word_1_315' title='bbox 523 3510 594 3560; x_wconf 75' lang='lat' dir='ltr'><strong>dicii:</strong></span> <span class='ocrx_word' id='word_1_316' title='bbox 615 3529 628 3556; x_wconf 72' lang='lat' dir='ltr'><strong>a</strong></span> <span class='ocrx_word' id='word_1_317' title='bbox 638 3511 681 3558; x_wconf 86' lang='lat' dir='ltr'><strong>Die</strong></span> <span class='ocrx_word' id='word_1_318' title='bbox 696 3512 789 3560; x_wconf 79' lang='lat' dir='ltr'><strong>Formal</strong></span> <span class='ocrx_word' id='word_1_319' title='bbox 806 3511 941 3558; x_wconf 61' lang='lat' dir='ltr'><strong>excoleris</strong></span> <span class='ocrx_word' id='word_1_320' title='bbox 956 3510 1071 3569; x_wconf 79' lang='lat' dir='ltr'><strong>hominis,</strong></span> 
     </span>
     <span class='ocr_line' id='line_1_38' title="bbox 106 3590 1057 3653; baseline -0.007 -8"><span class='ocrx_word' id='word_1_321' title='bbox 106 3596 153 3645; x_wconf 80' lang='lat' dir='ltr'><strong>nie</strong></span> <span class='ocrx_word' id='word_1_322' title='bbox 170 3609 197 3643; x_wconf 88' lang='lat' dir='ltr'><strong>es</strong></span> <span class='ocrx_word' id='word_1_323' title='bbox 213 3595 328 3653; x_wconf 72' lang='lat' dir='ltr'><strong>gedruolri</strong></span> <span class='ocrx_word' id='word_1_324' title='bbox 344 3593 455 3653; x_wconf 58' lang='lat' dir='ltr'><strong>nonlicet,</strong></span> <span class='ocrx_word' id='word_1_325' title='bbox 472 3592 566 3642; x_wconf 81' lang='lat' dir='ltr'><strong>sulicini</strong></span> <span class='ocrx_word' id='word_1_326' title='bbox 582 3593 633 3640; x_wconf 86' lang='lat' dir='ltr'><strong>dem</strong></span> <span class='ocrx_word' id='word_1_327' title='bbox 649 3591 725 3640; x_wconf 74' lang='lat' dir='ltr'><strong>David</strong></span> <span class='ocrx_word' id='word_1_328' title='bbox 740 3591 912 3652; x_wconf 82' lang='lat' dir='ltr'><strong>abzusprechen</strong></span> <span class='ocrx_word' id='word_1_329' title='bbox 928 3605 956 3637; x_wconf 87' lang='lat' dir='ltr'><strong>au</strong></span> <span class='ocrx_word' id='word_1_330' title='bbox 972 3590 1057 3638; x_wconf 83' lang='lat' dir='ltr'><strong>sein».</strong></span> 
     </span>
    </p>
   </div>
   <div class='ocr_carea' id='block_1_4' title="bbox 0 0 1377 4316">
    <p class='ocr_par' dir='ltr' id='par_1_7' title="bbox 0 0 1377 4316">
     <span class='ocr_line' id='line_1_39' title="bbox 0 0 1377 4316; baseline 0 0"><span class='ocrx_word' id='word_1_331' title='bbox 0 0 1377 4316; x_wconf 95' lang='lat' dir='ltr'><strong> </strong></span> 
     </span>
    </p>
   </div>
  </div>
 </body>
</html>
