<?xml version="1.0" encoding="UTF-8"?>
<!DOCTYPE html PUBLIC "-//W3C//DTD XHTML 1.0 Transitional//EN"
    "http://www.w3.org/TR/xhtml1/DTD/xhtml1-transitional.dtd">
<html xmlns="http://www.w3.org/1999/xhtml" xml:lang="en" lang="en">
 <head>
  <title>
</title>
<meta http-equiv="Content-Type" content="text/html;charset=utf-8" />
  <meta name='ocr-system' content='tesseract 3.04.00' />
  <meta name='ocr-capabilities' content='ocr_page ocr_carea ocr_par ocr_line ocrx_word'/>
</head>
<body>
  <div class='ocr_page' id='page_1' title='image "./deexterioriseti00davigoog_0352.png"; bbox 0 0 2776 4316; ppageno 0'>
   <div class='ocr_carea' id='block_1_1' title="bbox 308 223 1096 317">
    <p class='ocr_par' dir='ltr' id='par_1_1' title="bbox 308 223 1096 317">
     <span class='ocr_line' id='line_1_1' title="bbox 308 223 1096 317; baseline -0.003 -3"><span class='ocrx_word' id='word_1_1' title='bbox 308 267 348 314; x_wconf 84' lang='lat' dir='ltr'><strong>nn</strong></span> <span class='ocrx_word' id='word_1_2' title='bbox 371 267 414 316; x_wconf 89' lang='lat' dir='ltr'><strong>ru</strong></span> <span class='ocrx_word' id='word_1_3' title='bbox 437 223 648 317; x_wconf 79' lang='lat' dir='ltr'><strong>rnocossmus.</strong></span> <span class='ocrx_word' id='word_1_4' title='bbox 674 263 846 314; x_wconf 85' lang='lat' dir='ltr'><strong>rnocnssus</strong></span> <span class='ocrx_word' id='word_1_5' title='bbox 869 265 922 312; x_wconf 89' lang='lat' dir='ltr'><strong>vu.</strong></span> <span class='ocrx_word' id='word_1_6' title='bbox 1031 245 1096 313; x_wconf 88' lang='grc'><strong>307</strong></span> 
     </span>
    </p>
   </div>
   <div class='ocr_carea' id='block_1_2' title="bbox 121 371 1104 2894">
    <p class='ocr_par' dir='ltr' id='par_1_2' title="bbox 121 371 1104 2894">
     <span class='ocr_line' id='line_1_2' title="bbox 224 371 1097 440; baseline 0 -2"><span class='ocrx_word' id='word_1_7' title='bbox 224 374 255 438; x_wconf 87' lang='grc'><strong>9.</strong></span> <span class='ocrx_word' id='word_1_8' title='bbox 279 371 362 439; x_wconf 88' lang='lat' dir='ltr'><strong>llanc</strong></span> <span class='ocrx_word' id='word_1_9' title='bbox 385 372 537 440; x_wconf 85' lang='lat' dir='ltr'><strong>orationis</strong></span> <span class='ocrx_word' id='word_1_10' title='bbox 560 371 695 439; x_wconf 83' lang='lat' dir='ltr'><strong>formam</strong></span> <span class='ocrx_word' id='word_1_11' title='bbox 719 371 867 440; x_wconf 85' lang='lat' dir='ltr'><strong>Christus</strong></span> <span class='ocrx_word' id='word_1_12' title='bbox 894 372 1002 438; x_wconf 87' lang='lat' dir='ltr'><strong>docuit</strong></span> <span class='ocrx_word' id='word_1_13' title='bbox 1018 378 1050 438; x_wconf 87' lang='lat' dir='ltr'><strong>et</strong></span> <span class='ocrx_word' id='word_1_14' title='bbox 1067 372 1097 438; x_wconf 95' lang='lat' dir='ltr'><strong>in</strong></span> 
     </span>
     <span class='ocr_line' id='line_1_3' title="bbox 121 478 1099 566; baseline 0.001 -21"><span class='ocrx_word' id='word_1_15' title='bbox 121 480 183 547; x_wconf 90' lang='lat' dir='ltr'><strong>his</strong></span> <span class='ocrx_word' id='word_1_16' title='bbox 208 485 329 564; x_wconf 85' lang='lat' dir='ltr'><strong>septem</strong></span> <span class='ocrx_word' id='word_1_17' title='bbox 354 479 559 566; x_wconf 80' lang='lat' dir='ltr'><strong>petitionibus</strong></span> <span class='ocrx_word' id='word_1_18' title='bbox 590 479 697 545; x_wconf 92' lang='lat' dir='ltr'><strong>omnia</strong></span> <span class='ocrx_word' id='word_1_19' title='bbox 729 479 864 564; x_wconf 85' lang='lat' dir='ltr'><strong>petenda</strong></span> <span class='ocrx_word' id='word_1_20' title='bbox 888 478 1044 547; x_wconf 81' lang='lat' dir='ltr'><strong>conclusit</strong></span> <span class='ocrx_word' id='word_1_21' title='bbox 1067 485 1099 546; x_wconf 88' lang='lat' dir='ltr'><strong>et</strong></span> 
     </span>
     <span class='ocr_line' id='line_1_4' title="bbox 121 584 1099 672; baseline 0.002 -22"><span class='ocrx_word' id='word_1_22' title='bbox 121 603 245 654; x_wconf 89' lang='lat' dir='ltr'><strong>omnes</strong></span> <span class='ocrx_word' id='word_1_23' title='bbox 268 585 446 652; x_wconf 88' lang='lat' dir='ltr'><strong>orationum</strong></span> <span class='ocrx_word' id='word_1_24' title='bbox 465 584 597 654; x_wconf 83' lang='lat' dir='ltr'><strong>allectus</strong></span> <span class='ocrx_word' id='word_1_25' title='bbox 613 585 866 672; x_wconf 82' lang='lat' dir='ltr'><strong>comprehcndit,</strong></span> <span class='ocrx_word' id='word_1_26' title='bbox 882 584 965 654; x_wconf 89' lang='lat' dir='ltr'><strong>sicut</strong></span> <span class='ocrx_word' id='word_1_27' title='bbox 988 591 1099 672; x_wconf 87' lang='lat' dir='ltr'><strong>patere</strong></span> 
     </span>
     <span class='ocr_line' id='line_1_5' title="bbox 124 690 1096 779; baseline -0.001 -21"><span class='ocrx_word' id='word_1_28' title='bbox 124 699 238 779; x_wconf 83' lang='lat' dir='ltr'><strong>potest</strong></span> <span class='ocrx_word' id='word_1_29' title='bbox 262 691 429 778; x_wconf 88' lang='lat' dir='ltr'><strong>diligenter</strong></span> <span class='ocrx_word' id='word_1_30' title='bbox 453 693 597 759; x_wconf 88' lang='lat' dir='ltr'><strong>intuenti.</strong></span> <span class='ocrx_word' id='word_1_31' title='bbox 623 692 789 778; x_wconf 86' lang='lat' dir='ltr'><strong>[lignitatis</strong></span> <span class='ocrx_word' id='word_1_32' title='bbox 813 699 921 761; x_wconf 84' lang='lat' dir='ltr'><strong>autem</strong></span> <span class='ocrx_word' id='word_1_33' title='bbox 950 690 1096 759; x_wconf 79' lang='lat' dir='ltr'><strong>ordinem</strong></span> 
     </span>
     <span class='ocr_line' id='line_1_6' title="bbox 127 799 1096 887; baseline 0 -21"><span class='ocrx_word' id='word_1_34' title='bbox 127 799 336 886; x_wconf 53' lang='lat' dir='ltr'><strong>in‘potcodis</strong></span> <span class='ocrx_word' id='word_1_35' title='bbox 359 799 509 882; x_wconf 87' lang='lat' dir='ltr'><strong>servarit,</strong></span> <span class='ocrx_word' id='word_1_36' title='bbox 532 806 563 867; x_wconf 89' lang='lat' dir='ltr'><strong>et</strong></span> <span class='ocrx_word' id='word_1_37' title='bbox 595 800 677 880; x_wconf 84' lang='lat' dir='ltr'><strong>ideo,</strong></span> <span class='ocrx_word' id='word_1_38' title='bbox 701 817 783 887; x_wconf 87' lang='lat' dir='ltr'><strong>quae</strong></span> <span class='ocrx_word' id='word_1_39' title='bbox 820 799 871 868; x_wconf 85' lang='lat' dir='ltr'><strong>iric</strong></span> <span class='ocrx_word' id='word_1_40' title='bbox 902 800 1015 866; x_wconf 90' lang='lat' dir='ltr'><strong>ultima</strong></span> <span class='ocrx_word' id='word_1_41' title='bbox 1046 817 1096 885; x_wconf 87' lang='lat' dir='ltr'><strong>po·</strong></span> 
     </span>
     <span class='ocr_line' id='line_1_7' title="bbox 125 906 1098 994; baseline 0 -20"><span class='ocrx_word' id='word_1_42' title='bbox 125 907 233 986; x_wconf 87' lang='lat' dir='ltr'><strong>nitur,</strong></span> <span class='ocrx_word' id='word_1_43' title='bbox 258 906 344 972; x_wconf 88' lang='lat' dir='ltr'><strong>illam</strong></span> <span class='ocrx_word' id='word_1_44' title='bbox 371 907 438 992; x_wconf 83' lang='lat' dir='ltr'><strong>ipse</strong></span> <span class='ocrx_word' id='word_1_45' title='bbox 469 906 606 994; x_wconf 84' lang='lat' dir='ltr'><strong>primam</strong></span> <span class='ocrx_word' id='word_1_46' title='bbox 638 907 737 993; x_wconf 90' lang='lat' dir='ltr'><strong>ponit.</strong></span> <span class='ocrx_word' id='word_1_47' title='bbox 760 907 844 992; x_wconf 86' lang='lat' dir='ltr'><strong>Quid</strong></span> <span class='ocrx_word' id='word_1_48' title='bbox 879 914 987 975; x_wconf 87' lang='lat' dir='ltr'><strong>antem</strong></span> <span class='ocrx_word' id='word_1_49' title='bbox 1022 906 1098 994; x_wconf 87' lang='lat' dir='ltr'><strong>plus</strong></span> 
     </span>
     <span class='ocr_line' id='line_1_8' title="bbox 125 1011 1100 1098; baseline 0 -20"><span class='ocrx_word' id='word_1_50' title='bbox 125 1011 199 1098; x_wconf 85' lang='lat' dir='ltr'><strong>peti</strong></span> <span class='ocrx_word' id='word_1_51' title='bbox 224 1019 337 1096; x_wconf 84' lang='lat' dir='ltr'><strong>potest,</strong></span> <span class='ocrx_word' id='word_1_52' title='bbox 362 1011 419 1078; x_wconf 89' lang='lat' dir='ltr'><strong>nisi</strong></span> <span class='ocrx_word' id='word_1_53' title='bbox 445 1011 573 1080; x_wconf 88' lang='lat' dir='ltr'><strong>liberari</strong></span> <span class='ocrx_word' id='word_1_54' title='bbox 598 1029 616 1078; x_wconf 91' lang='lat' dir='ltr'><strong>a</strong></span> <span class='ocrx_word' id='word_1_55' title='bbox 654 1012 737 1078; x_wconf 90' lang='lat' dir='ltr'><strong>malo</strong></span> <span class='ocrx_word' id='word_1_56' title='bbox 771 1011 900 1079; x_wconf 82' lang='lat' dir='ltr'><strong>futurae</strong></span> <span class='ocrx_word' id='word_1_57' title='bbox 924 1012 1100 1079; x_wconf 86' lang='lat' dir='ltr'><strong>damnatio·</strong></span> 
     </span>
     <span class='ocr_line' id='line_1_9' title="bbox 127 1117 1099 1204; baseline 0.002 -19"><span class='ocrx_word' id='word_1_58' title='bbox 127 1119 194 1197; x_wconf 74' lang='lat' dir='ltr'><strong>nis</strong></span> <span class='ocrx_word' id='word_1_59' title='bbox 218 1118 371 1186; x_wconf 88' lang='lat' dir='ltr'><strong>custodiri</strong></span> <span class='ocrx_word' id='word_1_60' title='bbox 397 1119 429 1184; x_wconf 88' lang='lat' dir='ltr'><strong>in</strong></span> <span class='ocrx_word' id='word_1_61' title='bbox 460 1117 644 1186; x_wconf 89' lang='lat' dir='ltr'><strong>discrimine</strong></span> <span class='ocrx_word' id='word_1_62' title='bbox 676 1119 851 1204; x_wconf 85' lang='lat' dir='ltr'><strong>praesentis</strong></span> <span class='ocrx_word' id='word_1_63' title='bbox 874 1117 1099 1198; x_wconf 72' lang='lat' dir='ltr'><strong>tribulationis</strong></span> 
     </span>
     <span class='ocr_line' id='line_1_10' title="bbox 128 1225 1099 1312; baseline 0 -19"><span class='ocrx_word' id='word_1_64' title='bbox 128 1233 265 1312; x_wconf 83' lang='lat' dir='ltr'><strong>peccata</strong></span> <span class='ocrx_word' id='word_1_65' title='bbox 290 1225 379 1292; x_wconf 87' lang='lat' dir='ltr'><strong>nobis</strong></span> <span class='ocrx_word' id='word_1_66' title='bbox 404 1225 532 1311; x_wconf 80' lang='lat' dir='ltr'><strong>ignosci,</strong></span> <span class='ocrx_word' id='word_1_67' title='bbox 556 1227 690 1311; x_wconf 80' lang='lat' dir='ltr'><strong>gratiam</strong></span> <span class='ocrx_word' id='word_1_68' title='bbox 715 1225 826 1310; x_wconf 87' lang='lat' dir='ltr'><strong>augeri</strong></span> <span class='ocrx_word' id='word_1_69' title='bbox 850 1233 881 1292; x_wconf 88' lang='lat' dir='ltr'><strong>et</strong></span> <span class='ocrx_word' id='word_1_70' title='bbox 905 1226 1039 1303; x_wconf 85' lang='lat' dir='ltr'><strong>totondi,</strong></span> <span class='ocrx_word' id='word_1_71' title='bbox 1067 1234 1099 1294; x_wconf 86' lang='lat' dir='ltr'><strong>ot</strong></span> 
     </span>
     <span class='ocr_line' id='line_1_11' title="bbox 128 1332 1099 1419; baseline 0 -19"><span class='ocrx_word' id='word_1_72' title='bbox 128 1340 170 1400; x_wconf 92' lang='lat' dir='ltr'><strong>ut</strong></span> <span class='ocrx_word' id='word_1_73' title='bbox 194 1333 235 1400; x_wconf 85' lang='lat' dir='ltr'><strong>ad</strong></span> <span class='ocrx_word' id='word_1_74' title='bbox 261 1333 455 1400; x_wconf 87' lang='lat' dir='ltr'><strong>voluntatem</strong></span> <span class='ocrx_word' id='word_1_75' title='bbox 481 1332 535 1400; x_wconf 81' lang='lat' dir='ltr'><strong>liei</strong></span> <span class='ocrx_word' id='word_1_76' title='bbox 562 1334 709 1400; x_wconf 82' lang='lat' dir='ltr'><strong>vivamus</strong></span> <span class='ocrx_word' id='word_1_77' title='bbox 732 1339 763 1401; x_wconf 88' lang='lat' dir='ltr'><strong>et</strong></span> <span class='ocrx_word' id='word_1_78' title='bbox 788 1350 922 1419; x_wconf 86' lang='lat' dir='ltr'><strong>regnum</strong></span> <span class='ocrx_word' id='word_1_79' title='bbox 938 1333 1009 1400; x_wconf 86' lang='lat' dir='ltr'><strong>eins</strong></span> <span class='ocrx_word' id='word_1_80' title='bbox 1026 1350 1099 1400; x_wconf 94' lang='lat' dir='ltr'><strong>con·</strong></span> 
     </span>
     <span class='ocr_line' id='line_1_12' title="bbox 129 1438 1096 1526; baseline 0 -19"><span class='ocrx_word' id='word_1_81' title='bbox 129 1457 310 1526; x_wconf 85' lang='lat' dir='ltr'><strong>sequamur</strong></span> <span class='ocrx_word' id='word_1_82' title='bbox 342 1449 372 1507; x_wconf 89' lang='lat' dir='ltr'><strong>ct</strong></span> <span class='ocrx_word' id='word_1_83' title='bbox 408 1439 561 1506; x_wconf 86' lang='lat' dir='ltr'><strong>honorem</strong></span> <span class='ocrx_word' id='word_1_84' title='bbox 593 1440 730 1507; x_wconf 89' lang='lat' dir='ltr'><strong>nominis</strong></span> <span class='ocrx_word' id='word_1_85' title='bbox 759 1438 830 1508; x_wconf 86' lang='lat' dir='ltr'><strong>eius</strong></span> <span class='ocrx_word' id='word_1_86' title='bbox 864 1439 1031 1506; x_wconf 89' lang='lat' dir='ltr'><strong>rideamus</strong></span> <span class='ocrx_word' id='word_1_87' title='bbox 1055 1440 1096 1507; x_wconf 89' lang='lat' dir='ltr'><strong>ad</strong></span> 
     </span>
     <span class='ocr_line' id='line_1_13' title="bbox 129 1545 1097 1632; baseline 0.001 -19"><span class='ocrx_word' id='word_1_88' title='bbox 129 1563 247 1614; x_wconf 88' lang='lat' dir='ltr'><strong>omnes</strong></span> <span class='ocrx_word' id='word_1_89' title='bbox 280 1547 513 1632; x_wconf 70' lang='lat' dir='ltr'><strong>pervenirem</strong></span> <span class='ocrx_word' id='word_1_90' title='bbox 544 1547 742 1614; x_wconf 79' lang='lat' dir='ltr'><strong>sanctitatem</strong></span> <span class='ocrx_word' id='word_1_91' title='bbox 778 1547 847 1614; x_wconf 92' lang='lat' dir='ltr'><strong>eius</strong></span> <span class='ocrx_word' id='word_1_92' title='bbox 877 1545 918 1614; x_wconf 85' lang='lat' dir='ltr'><strong>ab</strong></span> <span class='ocrx_word' id='word_1_93' title='bbox 946 1545 1097 1614; x_wconf 87' lang='lat' dir='ltr'><strong>omnibus</strong></span> 
     </span>
     <span class='ocr_line' id='line_1_14' title="bbox 131 1652 1101 1739; baseline -0.002 -18"><span class='ocrx_word' id='word_1_94' title='bbox 131 1654 263 1739; x_wconf 84' lang='lat' dir='ltr'><strong>agnosci</strong></span> <span class='ocrx_word' id='word_1_95' title='bbox 287 1663 318 1721; x_wconf 88' lang='lat' dir='ltr'><strong>ct</strong></span> <span class='ocrx_word' id='word_1_96' title='bbox 342 1655 458 1721; x_wconf 88' lang='lat' dir='ltr'><strong>imitari</strong></span> <span class='ocrx_word' id='word_1_97' title='bbox 482 1654 548 1722; x_wconf 85' lang='lat' dir='ltr'><strong>sire</strong></span> <span class='ocrx_word' id='word_1_98' title='bbox 581 1653 763 1738; x_wconf 82' lang='lat' dir='ltr'><strong>singillatim</strong></span> <span class='ocrx_word' id='word_1_99' title='bbox 793 1654 860 1720; x_wconf 83' lang='lat' dir='ltr'><strong>siro</strong></span> <span class='ocrx_word' id='word_1_100' title='bbox 878 1652 1101 1720; x_wconf 76' lang='lat' dir='ltr'><strong>commixtim?</strong></span> 
     </span>
     <span class='ocr_line' id='line_1_15' title="bbox 133 1757 1100 1846; baseline 0 -20"><span class='ocrx_word' id='word_1_101' title='bbox 133 1759 300 1846; x_wconf 85' lang='lat' dir='ltr'><strong>Quidquid</strong></span> <span class='ocrx_word' id='word_1_102' title='bbox 318 1777 448 1826; x_wconf 88' lang='lat' dir='ltr'><strong>oramus</strong></span> <span class='ocrx_word' id='word_1_103' title='bbox 464 1758 504 1826; x_wconf 87' lang='lat' dir='ltr'><strong>ad</strong></span> <span class='ocrx_word' id='word_1_104' title='bbox 521 1757 641 1845; x_wconf 82' lang='lat' dir='ltr'><strong>aliquid</strong></span> <span class='ocrx_word' id='word_1_105' title='bbox 662 1758 710 1826; x_wconf 85' lang='lat' dir='ltr'><strong>vel</strong></span> <span class='ocrx_word' id='word_1_106' title='bbox 727 1759 834 1845; x_wconf 81' lang='lat' dir='ltr'><strong>aliona</strong></span> <span class='ocrx_word' id='word_1_107' title='bbox 851 1759 984 1826; x_wconf 90' lang='lat' dir='ltr'><strong>istorum</strong></span> <span class='ocrx_word' id='word_1_108' title='bbox 1003 1760 1100 1846; x_wconf 85' lang='lat' dir='ltr'><strong>respi-</strong></span> 
     </span>
     <span class='ocr_line' id='line_1_16' title="bbox 133 1863 1099 1953; baseline 0 -21"><span class='ocrx_word' id='word_1_109' title='bbox 133 1865 188 1943; x_wconf 89' lang='lat' dir='ltr'><strong>cit,</strong></span> <span class='ocrx_word' id='word_1_110' title='bbox 216 1866 291 1953; x_wconf 85' lang='lat' dir='ltr'><strong>quia</strong></span> <span class='ocrx_word' id='word_1_111' title='bbox 319 1865 490 1952; x_wconf 85' lang='lat' dir='ltr'><strong>aliqnando</strong></span> <span class='ocrx_word' id='word_1_112' title='bbox 515 1883 574 1950; x_wconf 90' lang='lat' dir='ltr'><strong>pro</strong></span> <span class='ocrx_word' id='word_1_113' title='bbox 597 1883 662 1932; x_wconf 90' lang='lat' dir='ltr'><strong>uno</strong></span> <span class='ocrx_word' id='word_1_114' title='bbox 695 1863 868 1932; x_wconf 84' lang='lat' dir='ltr'><strong>obtinendo</strong></span> <span class='ocrx_word' id='word_1_115' title='bbox 892 1863 1099 1949; x_wconf 88' lang='lat' dir='ltr'><strong>singulariter</strong></span> 
     </span>
     <span class='ocr_line' id='line_1_17' title="bbox 133 1970 1102 2060; baseline -0.004 -21"><span class='ocrx_word' id='word_1_116' title='bbox 133 1989 278 2054; x_wconf 72' lang='lat' dir='ltr'><strong>oramus</strong></span> <span class='ocrx_word' id='word_1_117' title='bbox 301 1971 474 2060; x_wconf 85' lang='lat' dir='ltr'><strong>aliquando</strong></span> <span class='ocrx_word' id='word_1_118' title='bbox 490 1971 554 2037; x_wconf 94' lang='lat' dir='ltr'><strong>duo</strong></span> <span class='ocrx_word' id='word_1_119' title='bbox 579 1970 629 2038; x_wconf 88' lang='lat' dir='ltr'><strong>rel</strong></span> <span class='ocrx_word' id='word_1_120' title='bbox 654 1970 748 2056; x_wconf 83' lang='lat' dir='ltr'><strong>plura</strong></span> <span class='ocrx_word' id='word_1_121' title='bbox 764 1970 861 2037; x_wconf 88' lang='lat' dir='ltr'><strong>simul</strong></span> <span class='ocrx_word' id='word_1_122' title='bbox 877 1971 1013 2058; x_wconf 72' lang='lat' dir='ltr'><strong>petendo</strong></span> <span class='ocrx_word' id='word_1_123' title='bbox 1030 1987 1102 2056; x_wconf 86' lang='lat' dir='ltr'><strong>pro·</strong></span> 
     </span>
     <span class='ocr_line' id='line_1_18' title="bbox 135 2075 1097 2166; baseline 0.001 -22"><span class='ocrx_word' id='word_1_124' title='bbox 135 2079 296 2166; x_wconf 89' lang='lat' dir='ltr'><strong>ponimus,</strong></span> <span class='ocrx_word' id='word_1_125' title='bbox 320 2086 351 2146; x_wconf 90' lang='lat' dir='ltr'><strong>et</strong></span> <span class='ocrx_word' id='word_1_126' title='bbox 374 2078 456 2146; x_wconf 89' lang='lat' dir='ltr'><strong>sicut</strong></span> <span class='ocrx_word' id='word_1_127' title='bbox 480 2075 582 2145; x_wconf 87' lang='lat' dir='ltr'><strong>solent</strong></span> <span class='ocrx_word' id='word_1_128' title='bbox 605 2085 733 2144; x_wconf 86' lang='lat' dir='ltr'><strong>orantes</strong></span> <span class='ocrx_word' id='word_1_129' title='bbox 757 2094 863 2144; x_wconf 87' lang='lat' dir='ltr'><strong>coram</strong></span> <span class='ocrx_word' id='word_1_130' title='bbox 890 2077 1097 2165; x_wconf 77' lang='lat' dir='ltr'><strong>principibus</strong></span> 
     </span>
     <span class='ocr_line' id='line_1_19' title="bbox 136 2181 1101 2270; baseline 0.001 -19"><span class='ocrx_word' id='word_1_131' title='bbox 136 2191 174 2251; x_wconf 90' lang='lat' dir='ltr'><strong>nt</strong></span> <span class='ocrx_word' id='word_1_132' title='bbox 209 2185 318 2270; x_wconf 88' lang='lat' dir='ltr'><strong>petitio</strong></span> <span class='ocrx_word' id='word_1_133' title='bbox 348 2202 461 2252; x_wconf 90' lang='lat' dir='ltr'><strong>corum</strong></span> <span class='ocrx_word' id='word_1_134' title='bbox 486 2184 526 2252; x_wconf 89' lang='lat' dir='ltr'><strong>sit</strong></span> <span class='ocrx_word' id='word_1_135' title='bbox 549 2181 718 2265; x_wconf 82' lang='lat' dir='ltr'><strong>efficatior,</strong></span> <span class='ocrx_word' id='word_1_136' title='bbox 749 2183 845 2252; x_wconf 91' lang='lat' dir='ltr'><strong>modo</strong></span> <span class='ocrx_word' id='word_1_137' title='bbox 875 2185 1101 2252; x_wconf 85' lang='lat' dir='ltr'><strong>commendate</strong></span> 
     </span>
     <span class='ocr_line' id='line_1_20' title="bbox 135 2291 1103 2379; baseline 0 -21"><span class='ocrx_word' id='word_1_138' title='bbox 135 2291 239 2378; x_wconf 86' lang='lat' dir='ltr'><strong>ipsius</strong></span> <span class='ocrx_word' id='word_1_139' title='bbox 262 2291 473 2372; x_wconf 86' lang='lat' dir='ltr'><strong>clementiam,</strong></span> <span class='ocrx_word' id='word_1_140' title='bbox 497 2308 592 2378; x_wconf 84' lang='lat' dir='ltr'><strong>quem</strong></span> <span class='ocrx_word' id='word_1_141' title='bbox 618 2298 740 2377; x_wconf 86' lang='lat' dir='ltr'><strong>rogant,</strong></span> <span class='ocrx_word' id='word_1_142' title='bbox 764 2291 859 2358; x_wconf 89' lang='lat' dir='ltr'><strong>modo</strong></span> <span class='ocrx_word' id='word_1_143' title='bbox 883 2293 1029 2378; x_wconf 82' lang='lat' dir='ltr'><strong>proprias</strong></span> <span class='ocrx_word' id='word_1_144' title='bbox 1050 2311 1103 2379; x_wconf 90' lang='lat' dir='ltr'><strong>ag·</strong></span> 
     </span>
     <span class='ocr_line' id='line_1_21' title="bbox 135 2391 1102 2484; baseline 0 -20"><span class='ocrx_word' id='word_1_145' title='bbox 135 2391 273 2484; x_wconf 79' lang='lat' dir='ltr'><strong>gravaro</strong></span> <span class='ocrx_word' id='word_1_146' title='bbox 297 2397 451 2478; x_wconf 73' lang='lat' dir='ltr'><strong>miserias</strong></span> <span class='ocrx_word' id='word_1_147' title='bbox 474 2404 511 2466; x_wconf 89' lang='lat' dir='ltr'><strong>ut</strong></span> <span class='ocrx_word' id='word_1_148' title='bbox 533 2397 573 2464; x_wconf 88' lang='lat' dir='ltr'><strong>ad</strong></span> <span class='ocrx_word' id='word_1_149' title='bbox 592 2397 844 2466; x_wconf 87' lang='lat' dir='ltr'><strong>misericordiam</strong></span> <span class='ocrx_word' id='word_1_150' title='bbox 872 2399 965 2466; x_wconf 91' lang='lat' dir='ltr'><strong>citius</strong></span> <span class='ocrx_word' id='word_1_151' title='bbox 994 2397 1102 2466; x_wconf 86' lang='lat' dir='ltr'><strong>decta-</strong></span> 
     </span>
     <span class='ocr_line' id='line_1_22' title="bbox 136 2503 1103 2585; baseline -0.001 -14"><span class='ocrx_word' id='word_1_152' title='bbox 136 2514 202 2584; x_wconf 88' lang='lat' dir='ltr'><strong>tnr‚</strong></span> <span class='ocrx_word' id='word_1_153' title='bbox 220 2503 314 2570; x_wconf 92' lang='lat' dir='ltr'><strong>modo</strong></span> <span class='ocrx_word' id='word_1_154' title='bbox 329 2504 506 2572; x_wconf 85' lang='lat' dir='ltr'><strong>adversarii</strong></span> <span class='ocrx_word' id='word_1_155' title='bbox 534 2521 686 2572; x_wconf 83' lang='lat' dir='ltr'><strong>accusare</strong></span> <span class='ocrx_word' id='word_1_156' title='bbox 702 2504 832 2572; x_wconf 84' lang='lat' dir='ltr'><strong>fraudes</strong></span> <span class='ocrx_word' id='word_1_157' title='bbox 848 2512 879 2572; x_wconf 87' lang='lat' dir='ltr'><strong>et</strong></span> <span class='ocrx_word' id='word_1_158' title='bbox 904 2505 1050 2585; x_wconf 86' lang='lat' dir='ltr'><strong>malitias,</strong></span> <span class='ocrx_word' id='word_1_159' title='bbox 1067 2509 1103 2572; x_wconf 92' lang='lat' dir='ltr'><strong>ut</strong></span> 
     </span>
     <span class='ocr_line' id='line_1_23' title="bbox 137 2611 1101 2692; baseline -0.001 -14"><span class='ocrx_word' id='word_1_160' title='bbox 137 2612 197 2679; x_wconf 86' lang='lat' dir='ltr'><strong>sibi</strong></span> <span class='ocrx_word' id='word_1_161' title='bbox 222 2611 264 2678; x_wconf 92' lang='lat' dir='ltr'><strong>sit</strong></span> <span class='ocrx_word' id='word_1_162' title='bbox 286 2612 317 2677; x_wconf 94' lang='lat' dir='ltr'><strong>in</strong></span> <span class='ocrx_word' id='word_1_163' title='bbox 341 2611 473 2689; x_wconf 88' lang='lat' dir='ltr'><strong>auxilio,</strong></span> <span class='ocrx_word' id='word_1_164' title='bbox 497 2611 579 2678; x_wconf 87' lang='lat' dir='ltr'><strong>hosti</strong></span> <span class='ocrx_word' id='word_1_165' title='bbox 606 2629 682 2678; x_wconf 88' lang='lat' dir='ltr'><strong>vero</strong></span> <span class='ocrx_word' id='word_1_166' title='bbox 706 2611 736 2677; x_wconf 92' lang='lat' dir='ltr'><strong>in</strong></span> <span class='ocrx_word' id='word_1_167' title='bbox 761 2611 852 2692; x_wconf 89' lang='lat' dir='ltr'><strong>odio;</strong></span> <span class='ocrx_word' id='word_1_168' title='bbox 869 2612 913 2678; x_wconf 90' lang='lat' dir='ltr'><strong>sic</strong></span> <span class='ocrx_word' id='word_1_169' title='bbox 937 2618 969 2677; x_wconf 89' lang='lat' dir='ltr'><strong>et</strong></span> <span class='ocrx_word' id='word_1_170' title='bbox 992 2627 1049 2678; x_wconf 94' lang='lat' dir='ltr'><strong>nos</strong></span> <span class='ocrx_word' id='word_1_171' title='bbox 1070 2611 1101 2677; x_wconf 95' lang='lat' dir='ltr'><strong>in</strong></span> 
     </span>
     <span class='ocr_line' id='line_1_24' title="bbox 137 2709 1104 2804; baseline 0 -20"><span class='ocrx_word' id='word_1_172' title='bbox 137 2718 280 2786; x_wconf 84' lang='lat' dir='ltr'><strong>oratione</strong></span> <span class='ocrx_word' id='word_1_173' title='bbox 296 2719 399 2786; x_wconf 85' lang='lat' dir='ltr'><strong>lacere</strong></span> <span class='ocrx_word' id='word_1_174' title='bbox 415 2735 523 2785; x_wconf 88' lang='lat' dir='ltr'><strong>coram</strong></span> <span class='ocrx_word' id='word_1_175' title='bbox 540 2718 673 2784; x_wconf 85' lang='lat' dir='ltr'><strong>Domino</strong></span> <span class='ocrx_word' id='word_1_176' title='bbox 697 2735 806 2786; x_wconf 85' lang='lat' dir='ltr'><strong>sacrae</strong></span> <span class='ocrx_word' id='word_1_177' title='bbox 822 2709 1005 2804; x_wconf 69' lang='lat' dir='ltr'><strong>Scripturas</strong></span> <span class='ocrx_word' id='word_1_178' title='bbox 1033 2733 1104 2784; x_wconf 88' lang='lat' dir='ltr'><strong>eru·</strong></span> 
     </span>
     <span class='ocr_line' id='line_1_25' title="bbox 136 2825 437 2894; baseline -0.013 0"><span class='ocrx_word' id='word_1_179' title='bbox 136 2825 437 2894; x_wconf 83' lang='lat' dir='ltr'><strong>ditione&#39;docemur.</strong></span> 
     </span>
    </p>
   </div>
   <div class='ocr_carea' id='block_1_3' title="bbox 409 3037 833 3342">
    <p class='ocr_par' dir='ltr' id='par_1_3' title="bbox 409 3037 833 3342">
     <span class='ocr_line' id='line_1_26' title="bbox 487 3037 755 3106; baseline -0.007 -1"><span class='ocrx_word' id='word_1_180' title='bbox 487 3039 670 3106; x_wconf 79' lang='lat' dir='ltr'><strong>Currrunuu</strong></span> <span class='ocrx_word' id='word_1_181' title='bbox 695 3037 755 3104; x_wconf 85' lang='lat' dir='ltr'><strong>LV.</strong></span> 
     </span>
     <span class='ocr_line' id='line_1_27' title="bbox 409 3251 833 3342; baseline -0.007 -22"><span class='ocrx_word' id='word_1_182' title='bbox 409 3255 455 3320; x_wconf 87' lang='lat' dir='ltr'><strong>Dc</strong></span> <span class='ocrx_word' id='word_1_183' title='bbox 474 3251 673 3342; x_wconf 76' lang='lat' dir='ltr'><strong>gratiarum</strong></span> <span class='ocrx_word' id='word_1_184' title='bbox 696 3251 833 3318; x_wconf 78' lang='lat' dir='ltr'><strong>actione.</strong></span> 
     </span>
    </p>
   </div>
   <div class='ocr_carea' id='block_1_4' title="bbox 137 3463 1105 3664">
    <p class='ocr_par' dir='ltr' id='par_1_4' title="bbox 137 3463 1105 3664">
     <span class='ocr_line' id='line_1_28' title="bbox 232 3463 1105 3550; baseline -0.003 -16"><span class='ocrx_word' id='word_1_185' title='bbox 232 3470 260 3534; x_wconf 91' lang='lat' dir='ltr'><strong>l.</strong></span> <span class='ocrx_word' id='word_1_186' title='bbox 284 3468 363 3534; x_wconf 91' lang='lat' dir='ltr'><strong>Sunt</strong></span> <span class='ocrx_word' id='word_1_187' title='bbox 386 3467 493 3534; x_wconf 83' lang='lat' dir='ltr'><strong>adhuc</strong></span> <span class='ocrx_word' id='word_1_188' title='bbox 528 3466 612 3533; x_wconf 88' lang='lat' dir='ltr'><strong>duae</strong></span> <span class='ocrx_word' id='word_1_189' title='bbox 647 3464 768 3550; x_wconf 84' lang='lat' dir='ltr'><strong>species</strong></span> <span class='ocrx_word' id='word_1_190' title='bbox 798 3463 960 3545; x_wconf 85' lang='lat' dir='ltr'><strong>orationis,</strong></span> <span class='ocrx_word' id='word_1_191' title='bbox 984 3463 1105 3533; x_wconf 89' lang='lat' dir='ltr'><strong>scilicet</strong></span> 
     </span>
     <span class='ocr_line' id='line_1_29' title="bbox 137 3571 1105 3664; baseline -0.003 -22"><span class='ocrx_word' id='word_1_192' title='bbox 137 3575 339 3664; x_wconf 79' lang='lat' dir='ltr'><strong>gratiarum</strong></span> <span class='ocrx_word' id='word_1_193' title='bbox 362 3575 449 3642; x_wconf 83' lang='lat' dir='ltr'><strong>actio</strong></span> <span class='ocrx_word' id='word_1_194' title='bbox 473 3580 505 3641; x_wconf 88' lang='lat' dir='ltr'><strong>et</strong></span> <span class='ocrx_word' id='word_1_195' title='bbox 526 3592 591 3639; x_wconf 82' lang='lat' dir='ltr'><strong>ooo</strong></span> <span class='ocrx_word' id='word_1_196' title='bbox 608 3571 732 3652; x_wconf 76' lang='lat' dir='ltr'><strong>londin,</strong></span> <span class='ocrx_word' id='word_1_197' title='bbox 749 3572 837 3659; x_wconf 90' lang='lat' dir='ltr'><strong>large</strong></span> <span class='ocrx_word' id='word_1_198' title='bbox 854 3579 960 3640; x_wconf 86' lang='lat' dir='ltr'><strong>sumto</strong></span> <span class='ocrx_word' id='word_1_199' title='bbox 978 3572 1105 3640; x_wconf 89' lang='lat' dir='ltr'><strong>nomine</strong></span> 
     </span>
    </p>
   </div>
   <div class='ocr_carea' id='block_1_5' title="bbox 0 0 1422 4316">
    <p class='ocr_par' dir='ltr' id='par_1_5' title="bbox 0 0 1422 4316">
     <span class='ocr_line' id='line_1_30' title="bbox 0 0 1422 4316; baseline 0 0"><span class='ocrx_word' id='word_1_200' title='bbox 0 0 1422 4316; x_wconf 95' lang='lat' dir='ltr'><strong> </strong></span> 
     </span>
    </p>
   </div>
  </div>
 </body>
</html>
