<?xml version="1.0" encoding="UTF-8"?>
<!DOCTYPE html PUBLIC "-//W3C//DTD XHTML 1.0 Transitional//EN"
    "http://www.w3.org/TR/xhtml1/DTD/xhtml1-transitional.dtd">
<html xmlns="http://www.w3.org/1999/xhtml" xml:lang="en" lang="en">
 <head>
  <title>
</title>
<meta http-equiv="Content-Type" content="text/html;charset=utf-8" />
  <meta name='ocr-system' content='tesseract 3.04.00' />
  <meta name='ocr-capabilities' content='ocr_page ocr_carea ocr_par ocr_line ocrx_word'/>
</head>
<body>
  <div class='ocr_page' id='page_1' title='image "./deexterioriseti00davigoog_0351.png"; bbox 0 0 2776 4316; ppageno 0'>
   <div class='ocr_carea' id='block_1_1' title="bbox 296 214 908 284">
    <p class='ocr_par' dir='ltr' id='par_1_1' title="bbox 296 214 908 284">
     <span class='ocr_line' id='line_1_1' title="bbox 296 214 908 284; baseline 0.003 -2"><span class='ocrx_word' id='word_1_1' title='bbox 296 214 361 282; x_wconf 85' lang='grc'>306</span> <span class='ocrx_word' id='word_1_2' title='bbox 649 236 738 282; x_wconf 81' lang='lat' dir='ltr'>cmm</span> <span class='ocrx_word' id='word_1_3' title='bbox 761 236 908 284; x_wconf 84' lang='lat' dir='ltr'>rsnrrus.</span> 
     </span>
    </p>
   </div>
   <div class='ocr_carea' id='block_1_2' title="bbox 294 340 1261 1814">
    <p class='ocr_par' dir='ltr' id='par_1_2' title="bbox 294 340 1261 1814">
     <span class='ocr_line' id='line_1_2' title="bbox 295 340 1251 429; baseline 0.005 -24"><span class='ocrx_word' id='word_1_4' title='bbox 295 340 444 408; x_wconf 89' lang='lat' dir='ltr'>omnibus</span> <span class='ocrx_word' id='word_1_5' title='bbox 480 341 669 421; x_wconf 77' lang='lat' dir='ltr'><strong>manifestet,</strong></span> <span class='ocrx_word' id='word_1_6' title='bbox 705 340 850 410; x_wconf 84' lang='lat' dir='ltr'>infideles</span> <span class='ocrx_word' id='word_1_7' title='bbox 884 344 926 410; x_wconf 82' lang='lat' dir='ltr'>ad</span> <span class='ocrx_word' id='word_1_8' title='bbox 962 344 1152 429; x_wconf 72' lang='lat' dir='ltr'>cognitionis</span> <span class='ocrx_word' id='word_1_9' title='bbox 1182 362 1251 410; x_wconf 79' lang='lat' dir='ltr'>snae</span> 
     </span>
     <span class='ocr_line' id='line_1_3' title="bbox 297 448 1256 534; baseline 0.003 -20"><span class='ocrx_word' id='word_1_10' title='bbox 297 449 403 516; x_wconf 91' lang='lat' dir='ltr'>lumen</span> <span class='ocrx_word' id='word_1_11' title='bbox 427 449 572 514; x_wconf 80' lang='lat' dir='ltr'>vocando</span> <span class='ocrx_word' id='word_1_12' title='bbox 594 467 652 534; x_wconf 88' lang='lat' dir='ltr'>per</span> <span class='ocrx_word' id='word_1_13' title='bbox 675 448 771 516; x_wconf 87' lang='lat' dir='ltr'>fidem</span> <span class='ocrx_word' id='word_1_14' title='bbox 795 459 828 516; x_wconf 90' lang='lat' dir='ltr'>et</span> <span class='ocrx_word' id='word_1_15' title='bbox 851 449 963 518; x_wconf 85' lang='lat' dir='ltr'>fideles</span> <span class='ocrx_word' id='word_1_16' title='bbox 986 452 1027 520; x_wconf 89' lang='lat' dir='ltr'>ad</span> <span class='ocrx_word' id='word_1_17' title='bbox 1045 451 1256 520; x_wconf 79' lang='lat' dir='ltr'>sanctificatio</span> 
     </span>
     <span class='ocr_line' id='line_1_4' title="bbox 296 554 1256 640; baseline 0.002 -20"><span class='ocrx_word' id='word_1_18' title='bbox 296 555 345 621; x_wconf 92' lang='lat' dir='ltr'>nis</span> <span class='ocrx_word' id='word_1_19' title='bbox 367 571 446 620; x_wconf 81' lang='lat' dir='ltr'>suae</span> <span class='ocrx_word' id='word_1_20' title='bbox 469 554 604 639; x_wconf 86' lang='lat' dir='ltr'>gratiam</span> <span class='ocrx_word' id='word_1_21' title='bbox 628 555 846 622; x_wconf 87' lang='lat' dir='ltr'>convertendo</span> <span class='ocrx_word' id='word_1_22' title='bbox 870 573 927 640; x_wconf 90' lang='lat' dir='ltr'>per</span> <span class='ocrx_word' id='word_1_23' title='bbox 943 575 1087 624; x_wconf 89' lang='lat' dir='ltr'>amorem</span> <span class='ocrx_word' id='word_1_24' title='bbox 1104 566 1138 624; x_wconf 88' lang='lat' dir='ltr'>et</span> <span class='ocrx_word' id='word_1_25' title='bbox 1163 556 1256 624; x_wconf 86' lang='lat' dir='ltr'>rebel·</span> 
     </span>
     <span class='ocr_line' id='line_1_5' title="bbox 297 660 1259 746; baseline 0.003 -21"><span class='ocrx_word' id='word_1_26' title='bbox 297 660 343 727; x_wconf 90' lang='lat' dir='ltr'>les</span> <span class='ocrx_word' id='word_1_27' title='bbox 358 677 416 745; x_wconf 91' lang='lat' dir='ltr'>per</span> <span class='ocrx_word' id='word_1_28' title='bbox 431 660 643 726; x_wconf 78' lang='lat' dir='ltr'>ostensionem</span> <span class='ocrx_word' id='word_1_29' title='bbox 656 678 736 728; x_wconf 86' lang='lat' dir='ltr'>suae</span> <span class='ocrx_word' id='word_1_30' title='bbox 747 662 907 746; x_wconf 76' lang='lat' dir='ltr'>pitantiae</span> <span class='ocrx_word' id='word_1_31' title='bbox 923 662 1047 730; x_wconf 73' lang='lat' dir='ltr'>utiliter</span> <span class='ocrx_word' id='word_1_32' title='bbox 1059 661 1259 738; x_wconf 83' lang='lat' dir='ltr'>contutanda,</span> 
     </span>
     <span class='ocr_line' id='line_1_6' title="bbox 295 766 1259 853; baseline -0.001 -19"><span class='ocrx_word' id='word_1_33' title='bbox 295 776 326 834; x_wconf 92' lang='lat' dir='ltr'>et</span> <span class='ocrx_word' id='word_1_34' title='bbox 350 767 440 853; x_wconf 84' lang='lat' dir='ltr'>quasi</span> <span class='ocrx_word' id='word_1_35' title='bbox 466 785 527 832; x_wconf 93' lang='lat' dir='ltr'>non</span> <span class='ocrx_word' id='word_1_36' title='bbox 551 767 652 853; x_wconf 85' lang='lat' dir='ltr'>possit</span> <span class='ocrx_word' id='word_1_37' title='bbox 676 766 724 833; x_wconf 88' lang='lat' dir='ltr'>vel</span> <span class='ocrx_word' id='word_1_38' title='bbox 750 767 830 834; x_wconf 92' lang='lat' dir='ltr'>nolit</span> <span class='ocrx_word' id='word_1_39' title='bbox 852 768 922 834; x_wconf 86' lang='lat' dir='ltr'>sine</span> <span class='ocrx_word' id='word_1_40' title='bbox 945 768 1019 836; x_wconf 87' lang='lat' dir='ltr'>nliis</span> <span class='ocrx_word' id='word_1_41' title='bbox 1042 769 1173 836; x_wconf 81' lang='lat' dir='ltr'>caelesti</span> <span class='ocrx_word' id='word_1_42' title='bbox 1190 783 1259 852; x_wconf 81' lang='lat' dir='ltr'>gau·</span> 
     </span>
     <span class='ocr_line' id='line_1_7' title="bbox 295 873 1259 958; baseline -0.002 -18"><span class='ocrx_word' id='word_1_43' title='bbox 295 874 348 940; x_wconf 92' lang='lat' dir='ltr'>dio</span> <span class='ocrx_word' id='word_1_44' title='bbox 371 873 445 951; x_wconf 77' lang='lat' dir='ltr'>frui,</span> <span class='ocrx_word' id='word_1_45' title='bbox 473 873 602 940; x_wconf 84' lang='lat' dir='ltr'>anhelat</span> <span class='ocrx_word' id='word_1_46' title='bbox 635 881 667 939; x_wconf 91' lang='lat' dir='ltr'>et</span> <span class='ocrx_word' id='word_1_47' title='bbox 704 873 819 958; x_wconf 79' lang='lat' dir='ltr'>satagit</span> <span class='ocrx_word' id='word_1_48' title='bbox 854 873 964 958; x_wconf 90' lang='lat' dir='ltr'>plnres</span> <span class='ocrx_word' id='word_1_49' title='bbox 987 892 1096 942; x_wconf 88' lang='lat' dir='ltr'>secum</span> <span class='ocrx_word' id='word_1_50' title='bbox 1134 873 1259 941; x_wconf 77' lang='lat' dir='ltr'>trahere</span> 
     </span>
     <span class='ocr_line' id='line_1_8' title="bbox 294 979 1261 1066; baseline 0 -19"><span class='ocrx_word' id='word_1_51' title='bbox 294 982 426 1061; x_wconf 85' lang='lat' dir='ltr'>orando,</span> <span class='ocrx_word' id='word_1_52' title='bbox 449 981 604 1060; x_wconf 90' lang='lat' dir='ltr'>docendo,</span> <span class='ocrx_word' id='word_1_53' title='bbox 621 981 704 1047; x_wconf 85' lang='lat' dir='ltr'>bono</span> <span class='ocrx_word' id='word_1_54' title='bbox 719 979 870 1066; x_wconf 80' lang='lat' dir='ltr'>exemplo</span> <span class='ocrx_word' id='word_1_55' title='bbox 898 982 1121 1066; x_wconf 83' lang='lat' dir='ltr'>praecedendo</span> <span class='ocrx_word' id='word_1_56' title='bbox 1137 987 1172 1048; x_wconf 92' lang='lat' dir='ltr'>et</span> <span class='ocrx_word' id='word_1_57' title='bbox 1190 998 1261 1066; x_wconf 84' lang='lat' dir='ltr'>quo</span> 
     </span>
     <span class='ocr_line' id='line_1_9' title="bbox 296 1087 1260 1174; baseline -0.003 -20"><span class='ocrx_word' id='word_1_58' title='bbox 296 1104 434 1174; x_wconf 87' lang='lat' dir='ltr'>cumque</span> <span class='ocrx_word' id='word_1_59' title='bbox 458 1087 521 1154; x_wconf 84' lang='lat' dir='ltr'>alio</span> <span class='ocrx_word' id='word_1_60' title='bbox 545 1087 639 1153; x_wconf 93' lang='lat' dir='ltr'>modo</span> <span class='ocrx_word' id='word_1_61' title='bbox 663 1087 817 1154; x_wconf 87' lang='lat' dir='ltr'>honorem</span> <span class='ocrx_word' id='word_1_62' title='bbox 842 1087 899 1156; x_wconf 89' lang='lat' dir='ltr'>Dei</span> <span class='ocrx_word' id='word_1_63' title='bbox 921 1097 954 1155; x_wconf 90' lang='lat' dir='ltr'>ct</span> <span class='ocrx_word' id='word_1_64' title='bbox 970 1088 1201 1173; x_wconf 84' lang='lat' dir='ltr'>proximorum</span> <span class='ocrx_word' id='word_1_65' title='bbox 1217 1103 1260 1152; x_wconf 82' lang='lat' dir='ltr'>sa·</span> 
     </span>
     <span class='ocr_line' id='line_1_10' title="bbox 295 1193 1260 1280; baseline -0.002 -21"><span class='ocrx_word' id='word_1_66' title='bbox 295 1194 394 1261; x_wconf 91' lang='lat' dir='ltr'>tutem</span> <span class='ocrx_word' id='word_1_67' title='bbox 417 1201 449 1261; x_wconf 89' lang='lat' dir='ltr'>et</span> <span class='ocrx_word' id='word_1_68' title='bbox 472 1194 650 1279; x_wconf 87' lang='lat' dir='ltr'>protectum</span> <span class='ocrx_word' id='word_1_69' title='bbox 673 1193 873 1278; x_wconf 82' lang='lat' dir='ltr'>spiritualem</span> <span class='ocrx_word' id='word_1_70' title='bbox 890 1195 1120 1280; x_wconf 83' lang='lat' dir='ltr'>promovendo.</span> <span class='ocrx_word' id='word_1_71' title='bbox 1140 1194 1185 1262; x_wconf 78' lang='lat' dir='ltr'>Er</span> <span class='ocrx_word' id='word_1_72' title='bbox 1204 1193 1260 1258; x_wconf 82' lang='lat' dir='ltr'>troc</span> 
     </span>
     <span class='ocr_line' id='line_1_11' title="bbox 294 1297 1261 1385; baseline -0.002 -18"><span class='ocrx_word' id='word_1_73' title='bbox 294 1300 409 1367; x_wconf 85' lang='lat' dir='ltr'>allecta</span> <span class='ocrx_word' id='word_1_74' title='bbox 432 1301 561 1368; x_wconf 90' lang='lat' dir='ltr'>videtur</span> <span class='ocrx_word' id='word_1_75' title='bbox 584 1299 670 1385; x_wconf 88' lang='lat' dir='ltr'>loqui</span> <span class='ocrx_word' id='word_1_76' title='bbox 694 1300 863 1385; x_wconf 90' lang='lat' dir='ltr'>llpostolus</span> <span class='ocrx_word' id='word_1_77' title='bbox 885 1301 926 1368; x_wconf 84' lang='lat' dir='ltr'>ad</span> <span class='ocrx_word' id='word_1_78' title='bbox 960 1303 1162 1370; x_wconf 78' lang='lat' dir='ltr'>Rornanos1:</span> <span class='ocrx_word' id='word_1_79' title='bbox 1196 1297 1261 1366; x_wconf 88' lang='lat' dir='ltr'>Tri·</span> 
     </span>
     <span class='ocr_line' id='line_1_12' title="bbox 295 1404 1258 1493; baseline -0.002 -21"><span class='ocrx_word' id='word_1_80' title='bbox 295 1406 389 1472; x_wconf 78' lang='lat' dir='ltr'>att&#39;tia</span> <span class='ocrx_word' id='word_1_81' title='bbox 412 1414 461 1472; x_wconf 82' lang='lat' dir='ltr'>eet</span> <span class='ocrx_word' id='word_1_82' title='bbox 481 1404 567 1472; x_wconf 82' lang='lat' dir='ltr'>milri</span> <span class='ocrx_word' id='word_1_83' title='bbox 600 1425 727 1493; x_wconf 82' lang='lat' dir='ltr'>magna</span> <span class='ocrx_word' id='word_1_84' title='bbox 762 1416 792 1472; x_wconf 88' lang='lat' dir='ltr'>cl</span> <span class='ocrx_word' id='word_1_85' title='bbox 827 1406 923 1474; x_wconf 82' lang='lat' dir='ltr'>dolor</span> <span class='ocrx_word' id='word_1_86' title='bbox 958 1407 1142 1474; x_wconf 77' lang='lat' dir='ltr'>continuus</span> <span class='ocrx_word' id='word_1_87' title='bbox 1165 1404 1258 1473; x_wconf 82' lang='lat' dir='ltr'>cordi</span> 
     </span>
     <span class='ocr_line' id='line_1_13' title="bbox 295 1512 1259 1600; baseline -0.005 -18"><span class='ocrx_word' id='word_1_88' title='bbox 295 1533 375 1582; x_wconf 85' lang='lat' dir='ltr'>meo.</span> <span class='ocrx_word' id='word_1_89' title='bbox 413 1512 577 1598; x_wconf 82' lang='lat' dir='ltr'>Optabam</span> <span class='ocrx_word' id='word_1_90' title='bbox 612 1513 699 1580; x_wconf 82' lang='lat' dir='ltr'>cuim</span> <span class='ocrx_word' id='word_1_91' title='bbox 733 1532 792 1600; x_wconf 83' lang='lat' dir='ltr'>ego</span> <span class='ocrx_word' id='word_1_92' title='bbox 826 1513 897 1600; x_wconf 83' lang='lat' dir='ltr'>ipse</span> <span class='ocrx_word' id='word_1_93' title='bbox 929 1512 1116 1582; x_wconf 79' lang='lat' dir='ltr'>cnaltemc</span> <span class='ocrx_word' id='word_1_94' title='bbox 1147 1531 1259 1580; x_wconf 78' lang='lat' dir='ltr'>esses</span> 
     </span>
     <span class='ocr_line' id='line_1_14' title="bbox 298 1613 1259 1706; baseline 0.003 -23"><span class='ocrx_word' id='word_1_95' title='bbox 298 1615 430 1684; x_wconf 77' lang='lat' dir='ltr'>Christo</span> <span class='ocrx_word' id='word_1_96' title='bbox 448 1636 514 1704; x_wconf 82' lang='lat' dir='ltr'>pro</span> <span class='ocrx_word' id='word_1_97' title='bbox 536 1613 708 1702; x_wconf 74' lang='lat' dir='ltr'>fratribus</span> <span class='ocrx_word' id='word_1_98' title='bbox 731 1619 813 1686; x_wconf 82' lang='lat' dir='ltr'>maia</span> <span class='ocrx_word' id='word_1_99' title='bbox 836 1630 896 1688; x_wconf 89' lang='lat' dir='ltr'>ctc.</span> <span class='ocrx_word' id='word_1_100' title='bbox 921 1621 1043 1706; x_wconf 83' lang='lat' dir='ltr'>Moyses</span> <span class='ocrx_word' id='word_1_101' title='bbox 1059 1637 1192 1706; x_wconf 83' lang='lat' dir='ltr'>quoque</span> <span class='ocrx_word' id='word_1_102' title='bbox 1214 1635 1259 1686; x_wconf 84' lang='lat' dir='ltr'>oo·</span> 
     </span>
     <span class='ocr_line' id='line_1_15' title="bbox 296 1725 1258 1814; baseline 0.002 -22"><span class='ocrx_word' id='word_1_103' title='bbox 296 1727 367 1792; x_wconf 90' lang='lat' dir='ltr'>dem</span> <span class='ocrx_word' id='word_1_104' title='bbox 392 1725 507 1794; x_wconf 79' lang='lat' dir='ltr'>allecto</span> <span class='ocrx_word' id='word_1_105' title='bbox 531 1726 659 1792; x_wconf 86' lang='lat' dir='ltr'>videtur</span> <span class='ocrx_word' id='word_1_106' title='bbox 693 1744 811 1805; x_wconf 82' lang='lat' dir='ltr'>crasse,</span> <span class='ocrx_word' id='word_1_107' title='bbox 835 1727 945 1794; x_wconf 91' lang='lat' dir='ltr'>diceus</span> <span class='ocrx_word' id='word_1_108' title='bbox 970 1728 1072 1796; x_wconf 81' lang='lat' dir='ltr'>Exodi</span> <span class='ocrx_word' id='word_1_109' title='bbox 1097 1728 1258 1814; x_wconf 84' lang='lat' dir='ltr'>trigesimo</span> 
     </span>
    </p>
   </div>
   <div class='ocr_carea' id='block_1_3' title="bbox 298 1832 1363 1919">
    <p class='ocr_par' dir='ltr' id='par_1_3' title="bbox 298 1832 1363 1919">
     <span class='ocr_line' id='line_1_16' title="bbox 298 1832 1363 1919; baseline -0.002 -19"><span class='ocrx_word' id='word_1_110' title='bbox 298 1832 481 1900; x_wconf 82' lang='lat' dir='ltr'>secundc’:</span> <span class='ocrx_word' id='word_1_111' title='bbox 506 1833 576 1898; x_wconf 85' lang='lat' dir='ltr'>Aut</span> <span class='ocrx_word' id='word_1_112' title='bbox 597 1832 726 1900; x_wconf 81' lang='lat' dir='ltr'>dimitte</span> <span class='ocrx_word' id='word_1_113' title='bbox 745 1833 869 1919; x_wconf 82' lang='lat' dir='ltr'>popolo</span> <span class='ocrx_word' id='word_1_114' title='bbox 904 1843 961 1902; x_wconf 88' lang='lat' dir='ltr'>tao</span> <span class='ocrx_word' id='word_1_115' title='bbox 996 1832 1085 1902; x_wconf 80' lang='lat' dir='ltr'>dane</span> <span class='ocrx_word' id='word_1_116' title='bbox 1120 1851 1256 1908; x_wconf 77' lang='lat' dir='ltr'>nocam,</span> <span class='ocrx_word' id='word_1_117' title='bbox 1362 1859 1363 1862; x_wconf 40' lang='lat'>¹</span> 
     </span>
    </p>
   </div>
   <div class='ocr_carea' id='block_1_4' title="bbox 292 1937 1255 2133">
    <p class='ocr_par' dir='ltr' id='par_1_4' title="bbox 292 1937 1255 2133">
     <span class='ocr_line' id='line_1_17' title="bbox 297 1937 1255 2030; baseline -0.001 -23"><span class='ocrx_word' id='word_1_118' title='bbox 297 1949 369 2019; x_wconf 85' lang='lat' dir='ltr'>cat,</span> <span class='ocrx_word' id='word_1_119' title='bbox 385 1940 418 2006; x_wconf 82' lang='lat' dir='ltr'>si</span> <span class='ocrx_word' id='word_1_120' title='bbox 431 1959 497 2006; x_wconf 86' lang='lat' dir='ltr'>non</span> <span class='ocrx_word' id='word_1_121' title='bbox 520 1937 621 2026; x_wconf 74' lang='lat' dir='ltr'>facts,</span> <span class='ocrx_word' id='word_1_122' title='bbox 645 1939 714 2006; x_wconf 88' lang='lat' dir='ltr'>dele</span> <span class='ocrx_word' id='word_1_123' title='bbox 736 1959 787 2006; x_wconf 81' lang='lat' dir='ltr'>tna</span> <span class='ocrx_word' id='word_1_124' title='bbox 810 1941 850 2008; x_wconf 85' lang='lat' dir='ltr'>dc</span> <span class='ocrx_word' id='word_1_125' title='bbox 873 1940 958 2008; x_wconf 82' lang='lat' dir='ltr'>libro</span> <span class='ocrx_word' id='word_1_126' title='bbox 974 1951 1042 2019; x_wconf 83' lang='lat' dir='ltr'>tac,</span> <span class='ocrx_word' id='word_1_127' title='bbox 1059 1961 1159 2030; x_wconf 87' lang='lat' dir='ltr'>quem</span> <span class='ocrx_word' id='word_1_128' title='bbox 1174 1939 1255 2008; x_wconf 82' lang='lat' dir='ltr'>ecri-</span> 
     </span>
     <span class='ocr_line' id='line_1_18' title="bbox 292 2046 1255 2133; baseline 0.002 -21"><span class='ocrx_word' id='word_1_129' title='bbox 292 2047 411 2133; x_wconf 71' lang='lat' dir='ltr'>prtem</span> <span class='ocrx_word' id='word_1_130' title='bbox 435 2066 509 2126; x_wconf 88' lang='lat' dir='ltr'>non,</span> <span class='ocrx_word' id='word_1_131' title='bbox 531 2046 618 2132; x_wconf 86' lang='lat' dir='ltr'>quod</span> <span class='ocrx_word' id='word_1_132' title='bbox 644 2046 692 2112; x_wconf 88' lang='lat' dir='ltr'>vel</span> <span class='ocrx_word' id='word_1_133' title='bbox 716 2047 885 2130; x_wconf 86' lang='lat' dir='ltr'>tpostctus</span> <span class='ocrx_word' id='word_1_134' title='bbox 906 2065 925 2114; x_wconf 84' lang='lat' dir='ltr'>a</span> <span class='ocrx_word' id='word_1_135' title='bbox 948 2048 1076 2116; x_wconf 86' lang='lat' dir='ltr'>Clrristo</span> <span class='ocrx_word' id='word_1_136' title='bbox 1092 2050 1190 2116; x_wconf 83' lang='lat' dir='ltr'>vellet</span> <span class='ocrx_word' id='word_1_137' title='bbox 1212 2063 1255 2114; x_wconf 85' lang='lat' dir='ltr'>sc·</span> 
     </span>
    </p>
   </div>
   <div class='ocr_carea' id='block_1_5' title="bbox 292 2151 1361 2878">
    <p class='ocr_par' dir='ltr' id='par_1_5' title="bbox 292 2151 1361 2878">
     <span class='ocr_line' id='line_1_19' title="bbox 294 2151 1252 2241; baseline -0.002 -21"><span class='ocrx_word' id='word_1_138' title='bbox 294 2153 412 2239; x_wconf 87' lang='lat' dir='ltr'>parari,</span> <span class='ocrx_word' id='word_1_139' title='bbox 436 2153 484 2220; x_wconf 82' lang='lat' dir='ltr'>vel</span> <span class='ocrx_word' id='word_1_140' title='bbox 509 2153 629 2236; x_wconf 80' lang='lat' dir='ltr'>Moyses</span> <span class='ocrx_word' id='word_1_141' title='bbox 653 2151 764 2232; x_wconf 81' lang='lat' dir='ltr'>deleri,</span> <span class='ocrx_word' id='word_1_142' title='bbox 787 2153 844 2220; x_wconf 85' lang='lat' dir='ltr'>scd</span> <span class='ocrx_word' id='word_1_143' title='bbox 869 2153 955 2238; x_wconf 86' lang='lat' dir='ltr'>quod</span> <span class='ocrx_word' id='word_1_144' title='bbox 975 2153 1136 2233; x_wconf 81' lang='lat' dir='ltr'>allectum,</span> <span class='ocrx_word' id='word_1_145' title='bbox 1161 2167 1252 2241; x_wconf 82' lang='lat' dir='ltr'>quem</span> 
     </span>
     <span class='ocr_line' id='line_1_20' title="bbox 293 2258 1256 2347; baseline -0.001 -21"><span class='ocrx_word' id='word_1_146' title='bbox 293 2260 334 2326; x_wconf 87' lang='lat' dir='ltr'>ad</span> <span class='ocrx_word' id='word_1_147' title='bbox 358 2259 580 2345; x_wconf 84' lang='lat' dir='ltr'>proximorum</span> <span class='ocrx_word' id='word_1_148' title='bbox 605 2258 741 2326; x_wconf 83' lang='lat' dir='ltr'>sulutem</span> <span class='ocrx_word' id='word_1_149' title='bbox 767 2258 937 2339; x_wconf 84' lang='lat' dir='ltr'>habebant,</span> <span class='ocrx_word' id='word_1_150' title='bbox 952 2259 1135 2328; x_wconf 82' lang='lat' dir='ltr'>evidentius</span> <span class='ocrx_word' id='word_1_151' title='bbox 1149 2259 1256 2347; x_wconf 79' lang='lat' dir='ltr'>expri-</span> 
     </span>
     <span class='ocr_line' id='line_1_21' title="bbox 293 2364 1254 2451; baseline -0.001 -19"><span class='ocrx_word' id='word_1_152' title='bbox 293 2383 381 2432; x_wconf 90' lang='lat' dir='ltr'>mere</span> <span class='ocrx_word' id='word_1_153' title='bbox 406 2383 467 2431; x_wconf 90' lang='lat' dir='ltr'>non</span> <span class='ocrx_word' id='word_1_154' title='bbox 492 2365 650 2445; x_wconf 87' lang='lat' dir='ltr'>valebant,</span> <span class='ocrx_word' id='word_1_155' title='bbox 672 2364 763 2450; x_wconf 84' lang='lat' dir='ltr'>quasi</span> <span class='ocrx_word' id='word_1_156' title='bbox 788 2383 850 2432; x_wconf 92' lang='lat' dir='ltr'>non</span> <span class='ocrx_word' id='word_1_157' title='bbox 875 2372 1071 2451; x_wconf 81' lang='lat' dir='ltr'>reputantes,</span> <span class='ocrx_word' id='word_1_158' title='bbox 1099 2366 1162 2436; x_wconf 87' lang='lat' dir='ltr'>sibi</span> <span class='ocrx_word' id='word_1_159' title='bbox 1190 2379 1254 2434; x_wconf 74' lang='lat' dir='ltr'>msc</span> 
     </span>
     <span class='ocr_line' id='line_1_22' title="bbox 293 2471 1254 2558; baseline 0.001 -22"><span class='ocrx_word' id='word_1_160' title='bbox 293 2472 422 2557; x_wconf 90' lang='lat' dir='ltr'>plenum</span> <span class='ocrx_word' id='word_1_161' title='bbox 448 2471 601 2556; x_wconf 81' lang='lat' dir='ltr'>gaudium</span> <span class='ocrx_word' id='word_1_162' title='bbox 626 2471 783 2540; x_wconf 79' lang='lat' dir='ltr'>introduci</span> <span class='ocrx_word' id='word_1_163' title='bbox 800 2471 841 2540; x_wconf 86' lang='lat' dir='ltr'>ad</span> <span class='ocrx_word' id='word_1_164' title='bbox 863 2472 975 2558; x_wconf 84' lang='lat' dir='ltr'>epulas</span> <span class='ocrx_word' id='word_1_165' title='bbox 997 2472 1162 2552; x_wconf 87' lang='lat' dir='ltr'>caelestes,</span> <span class='ocrx_word' id='word_1_166' title='bbox 1188 2471 1254 2548; x_wconf 87' lang='lat' dir='ltr'>illis,</span> 
     </span>
     <span class='ocr_line' id='line_1_23' title="bbox 294 2578 1253 2667; baseline -0.002 -18"><span class='ocrx_word' id='word_1_167' title='bbox 294 2599 374 2667; x_wconf 82' lang='lat' dir='ltr'>quos</span> <span class='ocrx_word' id='word_1_168' title='bbox 397 2580 570 2666; x_wconf 86' lang='lat' dir='ltr'>diligebant</span> <span class='ocrx_word' id='word_1_169' title='bbox 593 2587 625 2648; x_wconf 90' lang='lat' dir='ltr'>et</span> <span class='ocrx_word' id='word_1_170' title='bbox 655 2597 714 2664; x_wconf 87' lang='lat' dir='ltr'>pro</span> <span class='ocrx_word' id='word_1_171' title='bbox 744 2579 865 2666; x_wconf 86' lang='lat' dir='ltr'>quibus</span> <span class='ocrx_word' id='word_1_172' title='bbox 888 2580 969 2646; x_wconf 90' lang='lat' dir='ltr'>mori</span> <span class='ocrx_word' id='word_1_173' title='bbox 993 2580 1156 2666; x_wconf 80' lang='lat' dir='ltr'>optabunt,</span> <span class='ocrx_word' id='word_1_174' title='bbox 1181 2578 1253 2648; x_wconf 86' lang='lat' dir='ltr'>toris</span> 
     </span>
     <span class='ocr_line' id='line_1_24' title="bbox 292 2687 1361 2766; baseline -0.002 -12"><span class='ocrx_word' id='word_1_175' title='bbox 292 2687 375 2755; x_wconf 85' lang='lat' dir='ltr'>lame</span> <span class='ocrx_word' id='word_1_176' title='bbox 398 2688 558 2755; x_wconf 83' lang='lat' dir='ltr'>cruciatis.</span> <span class='ocrx_word' id='word_1_177' title='bbox 582 2723 626 2738; x_wconf 92' lang='lat'>-·-</span> <span class='ocrx_word' id='word_1_178' title='bbox 650 2688 711 2754; x_wconf 88' lang='lat' dir='ltr'>lloc</span> <span class='ocrx_word' id='word_1_179' title='bbox 727 2704 876 2766; x_wconf 66' lang='lat' dir='ltr'>oramus</span> <span class='ocrx_word' id='word_1_180' title='bbox 892 2704 965 2756; x_wconf 92' lang='lat' dir='ltr'>cum</span> <span class='ocrx_word' id='word_1_181' title='bbox 990 2687 1147 2756; x_wconf 88' lang='lat' dir='ltr'>dicimus:</span> <span class='ocrx_word' id='word_1_182' title='bbox 1177 2688 1254 2756; x_wconf 82' lang='lat' dir='ltr'>Sao·</span> <span class='ocrx_word' id='word_1_183' title='bbox 1360 2717 1361 2720; x_wconf 35' lang='lat'>¹</span> 
     </span>
     <span class='ocr_line' id='line_1_25' title="bbox 294 2793 1252 2878; baseline -0.002 -18"><span class='ocrx_word' id='word_1_184' title='bbox 294 2793 456 2878; x_wconf 79' lang='lat' dir='ltr'>ctificctcr</span> <span class='ocrx_word' id='word_1_185' title='bbox 479 2811 598 2862; x_wconf 83' lang='lat' dir='ltr'>comen</span> <span class='ocrx_word' id='word_1_186' title='bbox 622 2801 731 2872; x_wconf 86' lang='lat' dir='ltr'>taam,</span> <span class='ocrx_word' id='word_1_187' title='bbox 756 2801 792 2860; x_wconf 90' lang='lat' dir='ltr'>ut</span> <span class='ocrx_word' id='word_1_188' title='bbox 816 2794 953 2862; x_wconf 90' lang='lat' dir='ltr'>nominis</span> <span class='ocrx_word' id='word_1_189' title='bbox 977 2795 1023 2862; x_wconf 90' lang='lat' dir='ltr'>tui</span> <span class='ocrx_word' id='word_1_190' title='bbox 1047 2793 1252 2864; x_wconf 81' lang='lat' dir='ltr'>sanctificatio</span> 
     </span>
    </p>
   </div>
   <div class='ocr_carea' id='block_1_6' title="bbox 293 2900 1252 3092">
    <p class='ocr_par' dir='ltr' id='par_1_6' title="bbox 293 2900 1252 3092">
     <span class='ocr_line' id='line_1_26' title="bbox 293 2900 1252 2988; baseline 0.001 -21"><span class='ocrx_word' id='word_1_191' title='bbox 293 2902 384 2969; x_wconf 88' lang='lat' dir='ltr'>nobis</span> <span class='ocrx_word' id='word_1_192' title='bbox 407 2902 533 2988; x_wconf 83' lang='lat' dir='ltr'>plenius</span> <span class='ocrx_word' id='word_1_193' title='bbox 556 2901 740 2979; x_wconf 85' lang='lat' dir='ltr'>innotescat,</span> <span class='ocrx_word' id='word_1_194' title='bbox 764 2919 828 2987; x_wconf 83' lang='lat' dir='ltr'>quo</span> <span class='ocrx_word' id='word_1_195' title='bbox 849 2909 879 2970; x_wconf 86' lang='lat' dir='ltr'>te</span> <span class='ocrx_word' id='word_1_196' title='bbox 896 2900 1067 2986; x_wconf 83' lang='lat' dir='ltr'>perfectius</span> <span class='ocrx_word' id='word_1_197' title='bbox 1082 2917 1252 2987; x_wconf 72' lang='lat' dir='ltr'>agnoscere</span> 
     </span>
     <span class='ocr_line' id='line_1_27' title="bbox 293 3006 1252 3092; baseline -0.002 -18"><span class='ocrx_word' id='word_1_198' title='bbox 293 3016 324 3074; x_wconf 90' lang='lat' dir='ltr'>et</span> <span class='ocrx_word' id='word_1_199' title='bbox 347 3025 455 3074; x_wconf 83' lang='lat' dir='ltr'>amare</span> <span class='ocrx_word' id='word_1_200' title='bbox 491 3015 522 3076; x_wconf 92' lang='lat' dir='ltr'>et</span> <span class='ocrx_word' id='word_1_201' title='bbox 557 3007 697 3075; x_wconf 81' lang='lat' dir='ltr'>revereri</span> <span class='ocrx_word' id='word_1_202' title='bbox 734 3006 904 3092; x_wconf 85' lang='lat' dir='ltr'>possimus,</span> <span class='ocrx_word' id='word_1_203' title='bbox 926 3015 959 3074; x_wconf 90' lang='lat' dir='ltr'>el</span> <span class='ocrx_word' id='word_1_204' title='bbox 981 3008 1160 3076; x_wconf 83' lang='lat' dir='ltr'>sanctitatis</span> <span class='ocrx_word' id='word_1_205' title='bbox 1184 3015 1252 3076; x_wconf 85' lang='lat' dir='ltr'>tuae</span> 
     </span>
    </p>
   </div>
   <div class='ocr_carea' id='block_1_7' title="bbox 293 3113 1360 3194">
    <p class='ocr_par' dir='ltr' id='par_1_7' title="bbox 293 3113 1360 3194">
     <span class='ocr_line' id='line_1_28' title="bbox 293 3113 1360 3194; baseline 0 -12"><span class='ocrx_word' id='word_1_206' title='bbox 293 3115 533 3182; x_wconf 86' lang='lat' dir='ltr'>similitudinem</span> <span class='ocrx_word' id='word_1_207' title='bbox 559 3114 728 3194; x_wconf 83' lang='lat' dir='ltr'>induendo,</span> <span class='ocrx_word' id='word_1_208' title='bbox 746 3114 801 3180; x_wconf 88' lang='lat' dir='ltr'>tibi</span> <span class='ocrx_word' id='word_1_209' title='bbox 827 3113 907 3182; x_wconf 80' lang='lat' dir='ltr'>Patri</span> <span class='ocrx_word' id='word_1_210' title='bbox 926 3114 1009 3182; x_wconf 90' lang='lat' dir='ltr'>sicut</span> <span class='ocrx_word' id='word_1_211' title='bbox 1026 3115 1093 3181; x_wconf 86' lang='lat' dir='ltr'>veri</span> <span class='ocrx_word' id='word_1_212' title='bbox 1111 3113 1169 3182; x_wconf 89' lang='lat' dir='ltr'>filii</span> <span class='ocrx_word' id='word_1_213' title='bbox 1186 3131 1254 3182; x_wconf 91' lang='lat' dir='ltr'>con·</span> <span class='ocrx_word' id='word_1_214' title='bbox 1359 3129 1360 3132; x_wconf 72' lang='grc'>’</span> 
     </span>
    </p>
   </div>
   <div class='ocr_carea' id='block_1_8' title="bbox 292 3219 1252 3415">
    <p class='ocr_par' dir='ltr' id='par_1_8' title="bbox 292 3219 1252 3415">
     <span class='ocr_line' id='line_1_29' title="bbox 292 3219 1252 3308; baseline 0.001 -19"><span class='ocrx_word' id='word_1_215' title='bbox 292 3221 468 3290; x_wconf 80' lang='lat' dir='ltr'>formemur</span> <span class='ocrx_word' id='word_1_216' title='bbox 483 3231 514 3290; x_wconf 94' lang='lat' dir='ltr'>et</span> <span class='ocrx_word' id='word_1_217' title='bbox 531 3239 615 3290; x_wconf 90' lang='lat' dir='ltr'>unus</span> <span class='ocrx_word' id='word_1_218' title='bbox 637 3230 741 3288; x_wconf 87' lang='lat' dir='ltr'>tecum</span> <span class='ocrx_word' id='word_1_219' title='bbox 759 3220 892 3308; x_wconf 88' lang='lat' dir='ltr'>spiritus</span> <span class='ocrx_word' id='word_1_220' title='bbox 906 3219 1095 3300; x_wconf 80' lang='lat' dir='ltr'>efficiamur,</span> <span class='ocrx_word' id='word_1_221' title='bbox 1113 3221 1148 3288; x_wconf 84' lang='lat' dir='ltr'>in</span> <span class='ocrx_word' id='word_1_222' title='bbox 1168 3230 1252 3292; x_wconf 74' lang='lat' dir='ltr'>tuan</span> 
     </span>
     <span class='ocr_line' id='line_1_30' title="bbox 293 3326 780 3415; baseline -0.004 -20"><span class='ocrx_word' id='word_1_223' title='bbox 293 3326 534 3415; x_wconf 74' lang='lat' dir='ltr'>transformati</span> <span class='ocrx_word' id='word_1_224' title='bbox 555 3327 744 3396; x_wconf 78' lang='lat' dir='ltr'>claritatem</span> <span class='ocrx_word' id='word_1_225' title='bbox 757 3327 780 3393; x_wconf 83' lang='lat'>⁸.</span> 
     </span>
    </p>
   </div>
   <div class='ocr_carea' id='block_1_9' title="bbox 364 3465 1076 3624">
    <p class='ocr_par' dir='ltr' id='par_1_9' title="bbox 364 3465 1076 3624">
     <span class='ocr_line' id='line_1_31' title="bbox 364 3465 1076 3537; baseline -0.006 -11"><span class='ocrx_word' id='word_1_226' title='bbox 364 3469 373 3502; x_wconf 88' lang='lat'><strong>¹</strong></span> <span class='ocrx_word' id='word_1_227' title='bbox 393 3470 456 3536; x_wconf 84' lang='lat' dir='ltr'>Cup.</span> <span class='ocrx_word' id='word_1_228' title='bbox 476 3471 502 3534; x_wconf 81' lang='lat'>9,</span> <span class='ocrx_word' id='word_1_229' title='bbox 521 3472 546 3524; x_wconf 76' lang='lat' dir='ltr'>l.</span> <span class='ocrx_word' id='word_1_230' title='bbox 565 3483 621 3537; x_wconf 88' lang='lat' dir='ltr'>seq.</span> <span class='ocrx_word' id='word_1_231' title='bbox 841 3465 853 3499; x_wconf 82' lang='lat'><em>¹</em></span> <span class='ocrx_word' id='word_1_232' title='bbox 873 3469 949 3524; x_wconf 77' lang='lat' dir='ltr'>vers.</span> <span class='ocrx_word' id='word_1_233' title='bbox 969 3470 1012 3524; x_wconf 77' lang='lat' dir='ltr'>at.</span> <span class='ocrx_word' id='word_1_234' title='bbox 1032 3469 1076 3524; x_wconf 79' lang='lat'>³2.</span> 
     </span>
     <span class='ocr_line' id='line_1_32' title="bbox 364 3559 608 3624; baseline 0 -12"><span class='ocrx_word' id='word_1_235' title='bbox 364 3559 375 3590; x_wconf 83' lang='lat'>⁸</span> <span class='ocrx_word' id='word_1_236' title='bbox 395 3562 422 3614; x_wconf 92' lang='lat' dir='ltr'>ll.</span> <span class='ocrx_word' id='word_1_237' title='bbox 441 3559 501 3614; x_wconf 88' lang='lat' dir='ltr'>Cor.</span> <span class='ocrx_word' id='word_1_238' title='bbox 520 3561 545 3624; x_wconf 83' lang='lat'>3,</span> <span class='ocrx_word' id='word_1_239' title='bbox 567 3561 608 3614; x_wconf 82' lang='lat' dir='ltr'>to.</span> 
     </span>
    </p>
   </div>
   <div class='ocr_carea' id='block_1_10' title="bbox 0 0 1392 4316">
    <p class='ocr_par' dir='ltr' id='par_1_10' title="bbox 0 0 1392 4316">
     <span class='ocr_line' id='line_1_33' title="bbox 0 0 1392 4316; baseline 0 0"><span class='ocrx_word' id='word_1_240' title='bbox 0 0 1392 4316; x_wconf 95' lang='lat' dir='ltr'> </span> 
     </span>
    </p>
   </div>
  </div>
 </body>
</html>
