2792 4318
276 260 317 306 nu
338 258 579 308 nunonunrrons
601 257 729 307 nonnus
752 257 935 308 messionis.
1022 238 1084 308 tna

130 373 262 432 mortem
286 365 416 430 erimus.
441 399 484 412 -
508 363 595 443 ltem,
619 362 705 450 quod
736 363 914 430 exteriores
950 363 1087 430 honores

129 477 159 538 et
182 471 311 538 divitiae
334 487 396 537 non
421 478 495 538 sunt
518 469 616 538 nostri
633 469 832 536 naturaliter.
848 469 982 536 Divitiae
999 476 1086 536 terra

129 586 202 647 sunt
226 577 319 645 etde
354 586 440 645 terra
475 577 641 656 tolluntur,
664 583 701 643 ut
732 576 884 661 pecuniae
907 584 938 644 el
963 593 1087 661 posses-

129 685 248 762 siones;
283 685 420 752 honores
454 701 515 749 non
541 682 770 769 impenduntur
806 683 924 750 homiui
955 701 1013 769 pro
1037 699 1082 764 se,

129 793 183 860 sed
207 809 266 878 pro
289 799 434 879 quaestu,
459 791 514 876 qui
538 790 611 857 inde
643 798 808 876 speratur;
832 789 914 857 sicut
938 790 1084 858 vultures

128 907 158 968 et
181 916 276 966 canes
290 906 463 966 accurrunt
478 897 518 964 ad
535 897 681 976 cadaver,
697 896 850 983 quamdiu
869 905 998 982 sperant
1014 896 1087 965 inde

128 1007 254 1085 satiari;
278 1005 333 1073 sed
358 1023 430 1074 cnm
456 1013 557 1072 totum
582 1004 784 1083 corroserint,
812 1003 898 1090 qnod
922 1003 981 1071 nisi
1005 1004 1087 1072 sicca

127 1129 198 1180 ossa
223 1118 398 1189 remanent,
434 1110 620 1196 relinquunt
654 1110 802 1177 cadaver.
825 1145 871 1156 —-
893 1109 980 1188 ltem,
1005 1108 1088 1175 hona

128 1217 242 1286 mentis
265 1223 391 1286 nostrae
416 1235 478 1284 non
494 1225 570 1284 sunt
585 1222 703 1296 nostra,
728 1216 783 1284 sed
807 1216 890 1283 dona
911 1215 978 1296 Dei,
994 1222 1025 1282 et
1041 1205 1106 1282 ra-'

128 1325 245 1394 tionem
270 1324 344 1394 inde
373 1324 529 1392 reddituri
554 1341 667 1390 sumus
701 1323 853 1402 districte,
876 1331 913 1390 ut
948 1322 1087 1403 scientia,

126 1432 289 1517 ingenium
314 1439 346 1498 et
369 1432 514 1498 virtutes.
538 1431 617 1496 lllala
650 1437 758 1498 nostra
790 1447 870 1517 pure
894 1428 977 1495 mala
1012 1434 1087 1495 sunt

127 1547 158 1606 et
180 1556 223 1605 ex
247 1537 396 1624 pluribus
411 1537 658 1605 circumstantiis
673 1537 782 1622 gravia
798 1544 830 1605 et
846 1535 999 1622 gravibus
1015 1553 1090 1621 sup·

129 1645 232 1732 pliciis
255 1645 369 1730 digna3
392 1643 474 1711 hona
497 1651 605 1712 nostra
621 1661 683 1711 non
700 1661 781 1730 pure
805 1644 887 1710 hona
908 1649 983 1710 sunt
993 1643 1015 1724 ¹,
1032 1643 1088 1710 sed

128 1749 348 1837 multipliciter
373 1750 575 1836 imperiecta;
598 1750 736 1836 pigritia,
760 1750 892 1831 desidia,
918 1767 1000 1817 vana
1023 1750 1087 1836 glo

127 1858 184 1938 ria,
209 1858 397 1945 hypocrisis,
421 1858 568 1944 tepiditas
591 1865 622 1924 el
640 1875 738 1925 vanae
755 1858 959 1943 cogitationes
982 1865 1013 1926 et
1030 1860 1088 1926 im-

128 1967 365 2052 perseverantia
388 1972 419 2034 et
442 1974 547 2033 cetera
563 1965 639 2031 vitia
654 1982 750 2052 saepe
766 1965 878 2033 vitiant
894 1947 988 2046 hona,
1004 1983 1086 2054 quae

127 2073 273 2153 iacimus,
296 2080 327 2140 et
351 2072 511 2141 maculant
535 2071 726 2141 sacrificium
759 2079 906 2140 nostrum
930 2080 995 2138 tam
1019 2091 1087 2139 ora-

129 2180 249 2246 tionum
274 2197 370 2267 quarn
394 2180 565 2261 actionum,
588 2186 624 2246 ul
648 2179 754 2246 minus
778 2178 818 2245 sit
833 2179 898 2245 Deo
921 2186 1086 2264 acceptum

129 2293 159 2352 et
182 2285 292 2353 miuus
316 2284 406 2352 nohis
430 2285 639 2353 meritorium.
657 2321 699 2334 —
716 2284 803 2362 ltem,
819 2284 956 2369 expositi
974 2301 1087 2352 sumus

127 2391 276 2479 pluribus
299 2391 451 2478 periculis
473 2400 505 2459 et
528 2397 675 2459 aeternae
711 2391 905 2471 damnationi
929 2398 961 2459 et
984 2389 1088 2457 inlini-

128 2499 166 2566 tis
189 2497 356 2584 suppliciis
379 2505 410 2565 et
433 2497 581 2584 plurimis
604 2497 689 2564 vitiis
712 2505 743 2564 et
766 2497 903 2584 peccatis
918 2497 1039 2565 onerati
1056 2502 1089 2565 et

128 2604 267 2672 miseriis
298 2604 442 2672 subiecti.
478 2604 565 2672 Unde
599 2622 676 2690 ergo
698 2603 848 2690 superbit
871 2612 964 2672 terro
988 2612 1018 2670 et
1044 2603 1087 2670 ci·

127 2711 218 2791 oio’,
243 2711 340 2778 homo
364 2719 428 2778 tam
452 2711 552 2779 vilisl

216 2821 249 2884 2.
272 2817 452 2885 Secundum
478 2824 526 2886 est
548 2835 700 2886 exercere
724 2836 757 2886 se
774 2817 805 2883 io
822 2817 1001 2884 humilibus
1016 2833 1087 2902 ope-

129 2925 230 3005 rihus,
254 2923 372 2991 vilibus
395 2930 426 2990 et
449 2923 606 3009 despectis
630 2923 741 2992 officiis
764 2931 796 2990 et
812 2923 982 2990 rusticanis
1006 2923 1087 2989 laho-

129 3033 228 3110 rihns‚
265 3031 380 3098 humili
410 3031 522 3098 hahitu
554 3030 709 3109 incedere,
745 3030 885 3098 humiles
920 3047 1026 3097 mores
1057 3037 1089 3096 et

129 3139 227 3207 nerha
251 3138 382 3219 hahere,
405 3137 509 3206 locum
543 3138 751 3206 novissimum
788 3138 916 3222 eligere,
940 3137 1018 3204 nihil
1043 3137 1088 3204 ia-

131 3248 263 3314 ctantiae
286 3254 318 3313 et
340 3245 557 3313 ostentationis
581 3246 799 3331 praetendere.
824 3245 904 3312 llaec
928 3251 959 3311 et
976 3244 1025 3312 his
1049 3245 1087 3311 si·

131 3353 216 3420 milia
239 3371 312 3421 oum
337 3353 368 3419 in
393 3352 655 3420 consuetudinem
678 3368 772 3419 versa
795 3351 923 3433 luerint,
948 3360 1086 3420 mentem

201 3495 209 3529 ¹
228 3495 300 3550 idem
320 3495 382 3550 dicit
400 3496 517 3562 Gregor,
537 3494 649 3548 XXXV.
667 3495 754 3548 lloral.
773 3509 832 3561 cop.
851 3494 897 3547 20.
917 3509 943 3549 u.
963 3493 1005 3547 ltt.

201 3587 211 3618 ¹
229 3591 305 3645 Eccll.
327 3589 369 3657 l0,
389 3591 414 3644 9.
