2776 4316
284 235 349 302 300
638 253 727 299 uuna
751 250 890 298 rubrius.

282 375 324 425 ex
341 357 480 424 noviute
500 357 726 434 conversionis,
742 356 820 423 dum
838 356 981 422 nondum
998 354 1168 422 exercitata
1182 360 1233 432 est,
1340 396 1347 439 ι

283 473 325 542 et,
348 471 385 531 ut
409 465 452 529 ita
474 464 611 540 dicatur,
635 463 766 540 domita,
787 470 900 528 utnon
917 462 1082 528 hincinde
1102 467 1235 544 vagetur,
1341 452 1347 469 '

282 580 339 636 aut
362 587 404 635 ex
430 569 620 653 negligentia
644 568 771 636 inolitae
805 569 1058 647 consuetudinis,
1081 567 1155 634 dum
1180 583 1235 631 nou

283 675 407 742 studuit
431 693 466 741 se
489 676 683 760 restringere
706 694 726 740 a
750 675 877 742 ienitate
901 676 1018 742 noxiae
1035 674 1184 742 libertatis
1198 707 1238 720 -

283 782 371 849 Unde¹
387 781 412 848 si
430 781 624 866 quandoque
641 781 710 847 vult
726 798 761 848 se
776 800 795 846 a
811 783 865 847 tali
882 782 1069 866 evagatione
1085 794 1238 856 revocare,
1348 787 1353 846 ἶ

282 888 401 955 iterum
426 888 625 954 consuetudo
649 897 777 956 revocat
792 889 834 955 ad
859 890 968 973 priora
991 895 1112 954 -aut
1134 884 1239 953 exal'e

279 1013 345 1082 qua
369 996 576 1080 occupatione
602 1012 692 1061 mens
715 1013 734 1061 a
757 1013 792 1062 se
815 995 1019 1074 distrahitur,
1043 995 1119 1062 durn
1147 990 1238 1078 pluri

283 1101 346 1169 bus
363 1102 503 1168 intentus
520 1102 623 1167 minor
647 1108 695 1168 est
718 1101 758 1168 ad
783 1101 910 1186 singula
926 1119 1040 1169 sensus
1056 1100 1076 1166 ¹.
1096 1099 1238 1166 Debilitas

283 1210 378 1277 etiarn
403 1211 516 1295 capitis
538 1209 730 1295 quandoque
746 1227 806 1295 pro
823 1217 909 1276 tauto
932 1217 1068 1276 excusat
1084 1207 1240 1274 intendere

284 1316 480 1402 psalmodiae
497 1334 560 1381 non
579 1315 747 1394 valentem,
763 1333 837 1382 curn
855 1316 1049 1382 detrimento
1064 1323 1166 1381 larnen
1183 1327 1241 1377 me
1355 1403 1356 1410 ἵ

283 1422 336 1488 riti
353 1430 385 1488 et
400 1422 624 1489 consolationis
640 1421 826 1507 spiritualis.
844 1421 922 1487 llam
939 1421 999 1489 etsi
1017 1423 1085 1506 ipsa
1100 1418 1240 1487 debilitas

283 1539 315 1596 et
332 1529 415 1596 bona
432 1529 579 1595 voluutas
603 1528 666 1596 siut
689 1529 720 1594 in
745 1545 779 1596 se
804 1528 998 1607 meritoriae,
1016 1537 1120 1594 tamen
1135 1529 1241 1593 carent

284 1635 399 1701 merito
421 1635 604 1701 attentionis
627 1645 658 1702 et
682 1635 790 1702 lrucln
814 1633 1050 1715 consolationis,
1081 1633 1135 1720 qui
1173 1629 1239 1698 inde

284 1741 470 1808 baberetur.
495 1741 594 1808 Obsta
618 1759 695 1826 ergo
712 1741 741 1808 in
760 1741 916 1827 principio
932 1742 1008 1809 buic
1025 1741 1146 1820 morbo,
1170 1745 1239 1805 tuuc

284 1855 332 1914 est
355 1866 434 1914 cura
457 1847 579 1914 facilior
602 1855 634 1915 et
658 1847 777 1914 utilior.

624 2043 808 2110 Caerruuun
833 2043 905 2111 liv.

522 2205 567 2272 Dc
589 2205 734 2272 secundo
756 2204 855 2272 modo
878 2203 1011 2272 orandi.

376 2384 405 2449 l.
428 2384 595 2450 Secundus
620 2384 734 2451 modus
757 2384 868 2451 orandi
901 2391 950 2452 est
980 2401 1037 2468 per
1072 2382 1172 2450 verba
1202 2395 1240 2446 ex

232 2488 235 2494 ’
284 2490 414 2577 proprio
437 2492 551 2559 alleclu
568 2490 723 2580 ‚lorrnata
747 2498 783 2557 ut
805 2508 879 2557 curn
904 2490 1000 2557 bomo
1032 2490 1098 2557 Deo
1121 2485 1244 2556 tamilla·

284 2597 363 2664 riter·
386 2596 611 2663 confabulatur
635 2597 742 2663 verbis
765 2597 843 2675 suis,
869 2595 918 2664 rel
942 2597 1037 2664 etiarn
1062 2597 1167 2664 utitur
1183 2609 1242 2662 rer·

283 2702 333 2769 bis
357 2702 491 2770 alterins
514 2702 640 2770 affectui
673 2720 733 2770 suo
764 2711 841 2770 tunc
872 2702 1134 2782 consonantibus,
1158 2697 1241 2788 quasi

283 2829 390 2878 coram
417 2810 481 2877 Deo
506 2819 671 2895 praesente
694 2828 752 2876 cor
775 2827 870 2878 suurn
888 2809 1057 2877 effundens
1071 2817 1105 2876 et
1130 2809 1180 2876 rel
1195 2823 1242 2874 ne·

283 2919 448 2984 cessitates
472 2937 547 2984 suas
570 2917 598 2984 ei
624 2934 833 3003 conquerens,
857 2916 908 2984 rel
933 2924 1062 3003 peccata
1085 2916 1242 2991 wnfiuns,

283 3032 315 3091 et
340 3023 591 3091 misericordiam
618 3024 783 3109 postulans
806 3031 838 3092 et
861 3024 996 3110 gratiam
1015 3031 1127 3108 petens
1150 3031 1183 3090 et
1196 3039 1243 3089 au·

283 3131 402 3214 xillum,
425 3131 599 3216 irnplorans
623 3140 733 3198 contra
759 3131 967 3199 tentationum
986 3129 1130 3215 pericula
1146 3139 1179 3198 et
1194 3127 1243 3196 tri·

284 3238 483 3304 bulationurn
509 3239 695 3322 gravamina
712 3237 762 3304 vel
778 3254 999 3323 quascumque
1015 3255 1092 3304 suas
1114 3238 1164 3304 rel
1181 3252 1244 3303 suu

284 3363 356 3412 rum
382 3345 596 3412 necessitates.
622 3345 675 3411 llic
700 3345 815 3411 modus
838 3342 951 3411 orandi
988 3344 1090 3430 magis
1115 3342 1244 3430 requirit

283 3453 554 3538 opportunitatem
579 3452 761 3520 solitudinis
785 3451 835 3520 vel
860 3451 976 3520 silentii
993 3450 1079 3518 circa
1096 3469 1131 3520 se
1146 3461 1179 3519 et
1193 3449 1244 3516 otii

354 3573 364 3606 ¹
384 3575 437 3629 Clr.
456 3577 574 3643 Gregor,
593 3575 687 3643 llegul
707 3578 805 3631 Pastor.
825 3592 853 3644 p.
871 3577 889 3630 l.
908 3591 932 3630 c.
952 3575 978 3632 l.
