2738 4316
187 507 196 518 ’
305 407 534 600 nmmo
571 420 875 603 nornine.

130 739 305 818 Formulo
332 739 376 818 de
405 741 655 846 compositione
684 741 834 822 hominis
862 741 1043 822 exterioris

473 865 520 944 ad
546 865 707 945 novitios.

514 1059 665 1088 -⁴*—-

403 1234 545 1319 PARS
579 1233 775 1318 PRIMA.

478 1594 662 1662 Cmrrnnmr
687 1596 708 1661 l.

230 1788 319 1872 Quid
341 1789 475 1855 novitiis
497 1809 626 1876 semper
650 1789 947 1857 considerandum.

197 1983 304 2050 Primo
327 1977 453 2070 semper
477 1981 575 2052 debes
591 1985 805 2064 considerare,
821 1987 868 2053 od
883 1986 966 2074 quid
980 2006 1070 2054 verre·
1136 2049 1138 2054 ,

102 2091 158 2158 rto
182 2090 223 2157 od
250 2089 452 2176 Religionem,
476 2098 508 2158 et
527 2101 665 2178 propter
688 2091 771 2180 quid
793 2092 932 2158 verteris.

198 2198 343 2283 Propter
366 2197 448 2286 qnid
470 2199 555 2264 enim
579 2197 721 2264 venisti?
737 2197 845 2265 Nonne
869 2199 1071 2268 solummodo

104 2311 241 2394 propter
264 2303 377 2383 Deum,
400 2311 437 2370 ul
459 2303 526 2389 ipse
551 2303 641 2371 fieret
666 2304 811 2372 meroes¹
831 2304 950 2371 laboris
967 2305 1011 2372 lui
1037 2306 1070 2372 in

105 2411 174 2478 vila
197 2415 352 2477 aeternat
374 2409 460 2478 Sient
483 2427 559 2496 ergo
591 2419 721 2496 propter
745 2410 871 2478 nullom
896 2410 995 2478 alium
1021 2429 1071 2480 ve

104 2518 193 2597 nisti,
218 2519 261 2584 ila
284 2527 416 2603 propter
437 2516 562 2584 nullum
595 2517 694 2584 alium
726 2518 824 2586 debes
846 2518 993 2586 omittere
1017 2519 1069 2584 bo·

104 2643 186 2692 num
211 2642 269 2692 neo
292 2624 442 2710 exemplo
472 2623 608 2692 alicuius
640 2633 812 2709 lepeseero,
836 2625 913 2710 quin
938 2625 1068 2692 studeas

105 2732 156 2798 od
178 2731 225 2810 lo,
242 2731 289 2798 orl
304 2731 394 2819 qood
415 2731 544 2798 venisti.
568 2731 686 2799 Venisti
710 2733 796 2798 enim
820 2733 859 2799 ari
878 2734 1067 2800 servitutem

104 2839 175 2918 Dei,
198 2839 250 2906 oui
275 2838 397 2905 servire
432 2838 528 2906 debet
562 2839 666 2905 omnis
689 2846 838 2907 creatora
862 2839 972 2925 ipsius,
997 2840 1073 2926 qnia

103 2945 186 3012 nihil
210 2945 307 3012 habet
331 2947 390 3013 nisi
407 2947 449 3012 ab
466 2947 551 3032 ips03
568 2955 600 3012 et
616 2946 688 3012 ideo
704 2946 802 3014 debes
817 2947 845 3014 ei
863 2935 941 3014 ilare
958 2954 1071 3026 totum,

103 3053 193 3138 qnod
217 3070 252 3120 es
286 3061 318 3120 el
351 3052 438 3139 quod
460 3053 531 3120 seis
555 3059 586 3120 et
616 3060 716 3138 potes.
742 3053 826 3121 Etsi
863 3053 970 3120 omnia
1004 3069 1074 3119 ser-

104 3159 199 3226 vionl
222 3159 364 3228 Creatori
389 3177 447 3227 sno
472 3178 530 3245 pro
553 3159 639 3226 omni
663 3177 757 3245 posse
781 3178 850 3240 suo,
874 3159 976 3226 multo
1005 3176 1072 3224 ma-

103 3267 154 3352 gis
178 3267 276 3332 homo
298 3273 426 3345 tenetur
449 3266 477 3334 ei
501 3266 634 3346 serviro,
658 3283 754 3351 quem
779 3283 841 3332 non
865 3266 969 3333 solum
987 3283 1073 3334 eree·

102 3375 152 3439 vil
187 3374 271 3442 sient
305 3381 422 3454 cetera,
447 3374 502 3441 sed
538 3374 672 3459 insuper
702 3372 864 3440 intellectu
898 3372 1071 3454 decoravit,

103 3480 209 3548 libero
232 3481 368 3548 arbitrio
402 3480 590 3560 nobilitavit,
619 3480 729 3548 mundi
766 3480 932 3549 dominnm
956 3481 1074 3548 consti*

178 3603 188 3636 ¹
209 3603 262 3658 Cir.
279 3607 373 3660 Gener.
394 3605 437 3671 lli,
458 3607 483 3657 l.
