2808 4318
292 226 332 271 us
356 224 598 274 auuouunrrous
621 224 751 274 uounus
773 225 956 273 matamorus.
1046 207 1106 272 tos

141 333 283 416 coeperit
307 331 452 416 accipere
476 331 674 397 irritamenta
697 330 738 396 ab
756 330 815 409 his,
836 331 890 415 qui
915 336 1108 415 perpetuum

142 455 314 522 suscepere
339 438 458 505 betium
482 438 640 505 adversus
662 437 733 504 eius
755 436 998 516 oblectamenta,
1027 436 1109 504 sruut

41 611 43 614 .
144 545 211 611 duo
236 554 345 612 contra
370 562 481 621 unum,
505 552 536 612 et
560 543 631 610 ideo
654 543 853 629 periclitatur
870 543 1106 623 coutinentia»,

145 653 222 736 quia
246 651 311 718 duo
335 651 488 718 resistunt
512 651 578 729 nni,
601 650 721 718 scilicet
743 649 973 717 continentiae:
1002 651 1108 716 innata

142 757 397 843 concupiscentia
428 757 533 824 earnis
563 765 594 824 et
625 759 831 843 provocatrix
856 757 1003 843 voiuptas
1034 756 1110 824 deli·

144 866 279 932 ciarum.
294 863 381 931 Unde
393 863 560 950 Apostolos
573 863 613 930 ad
627 864 828 931 Timotheum
840 863 868 929 ²:
890 863 1008 941 Viduo,
1024 883 1109 952 quoe

144 973 180 1038 io
204 969 333 1036 deliciis
356 970 448 1048 uiuit,
471 971 583 1037 vivens
599 979 736 1038 mortuo
759 981 817 1049 est,
845 972 930 1055 quia,
947 973 1005 1039 etsi
1031 971 1109 1038 vivit

144 1077 300 1156 exterior,
337 1075 470 1143 interius
504 1083 632 1142 mortua
666 1082 714 1143 est
737 1095 795 1163 per
818 1084 1007 1163 peccatum;
1033 1077 1107 1144 Eze-

145 1182 243 1249 chiel:
269 1181 361 1248 Haec
383 1178 453 1267 fuit
475 1181 639 1270 iniquitas
664 1181 838 1260 Sodomae,
861 1182 992 1248 sororis
1016 1189 1116 1261 tuoe*

145 1287 315 1362 sotericus
336 1287 439 1372 ponis
462 1299 492 1353 et
514 1288 628 1354 otium.
654 1288 676 1354 E
698 1286 858 1354 contrario
881 1287 1047 1374 Apostolus
1063 1288 1107 1353 uit

144 1393 184 1460 ad
209 1393 407 1460 Corinthios:
435 1393 568 1479 coactori
592 1413 715 1480 corpus
751 1413 859 1477 meum
882 1401 911 1460 et
943 1393 979 1460 r'n
1008 1393 1109 1460 seroi-

146 1508 246 1565 tutem
269 1499 398 1586 recipe,
422 1519 462 1567 rte
483 1496 581 1585 forte,
606 1521 683 1567 cunt
713 1501 792 1568 eltis
825 1501 1108 1586 praedicaveram,

145 1607 214 1692 ipse
237 1606 399 1692 reprobes
424 1607 562 1697 efficior.
587 1609 714 1676 Hostem
738 1626 834 1676 suum
851 1616 956 1676 armat
971 1609 1025 1693 qui
1042 1626 1108 1675 car·

144 1731 217 1780 uem
243 1732 334 1780 suern
359 1713 443 1781 soret
466 1715 588 1782 deliciis
618 1716 705 1782 ultra
741 1715 958 1782 necessitatem
984 1714 1109 1781 debitae

145 1821 393 1888 sustentationis.
418 1821 509 1906 Quod
534 1830 642 1889 autem
660 1822 742 1888 hosti
761 1830 913 1907 praestas,
932 1820 986 1888 tihi
1004 1837 1108 1888 uoces.

236 1931 266 1994 5.
291 1928 447 2013 Quartum
471 1937 519 1996 est
550 1930 650 1996 otium
683 1927 804 2013 tegere,
827 1928 911 2014 quod
949 1937 998 1995 est
1021 1945 1110 2014 prae-

145 2036 261 2122 cipuus
288 2036 413 2103 animae
448 2035 614 2115 iuimicus3
645 2035 787 2102 muttum
821 2033 908 2102 enim
941 2035 1110 2102 molitione

145 2143 259 2210 docuit
285 2142 444 2210 otiositas
459 2141 492 2222 ²;
526 2143 562 2209 t'n
597 2142 773 2210 desideriis
808 2152 855 2210 eet
890 2143 999 2210 omnis
1029 2143 1109 2210 otio-

143 2269 213 2316 eos.
236 2275 251 2307 c
269 2248 451 2335 Occupatus
474 2249 557 2316 enim
575 2250 616 2315 ab
632 2267 697 2317 uuo
714 2249 868 2318 daemone
891 2249 1109 2336 impugnatur,

144 2357 267 2423 otiosus
300 2364 407 2423 autem
443 2356 621 2424 innumeris
657 2356 867 2424 daemonibus
895 2355 1110 2437 restatur³o‚

145 2463 233 2549 quia,
256 2471 333 2549 quot
356 2463 561 2549 cogitationes
585 2471 616 2531 et
639 2462 798 2531 desideria
828 2463 913 2530 mala
950 2463 981 2529 iu
1013 2462 1110 2530 corde

146 2577 264 2649 uersat,
288 2577 334 2637 tot
373 2571 574 2638 inimicorum
611 2570 723 2639 iaculis
754 2577 849 2657 patet.
885 2569 1067 2637 Bernartius
1082 2567 1108 2634 ⁴:

151 2675 330 2743 «Omnium
356 2676 441 2743 enim
465 2676 674 2744 tentationum
699 2682 732 2743 et
766 2675 924 2742 malarum
949 2673 1108 2760 cogitatio

145 2799 225 2850 num
260 2781 383 2848 sentina
415 2790 463 2864 est
494 2781 581 2849 iners
614 2782 714 2849 otium
732 2809 763 2848 a.
787 2782 874 2850 Sicut
905 2800 963 2868 per
995 2781 1110 2847 rimam

146 2888 288 2958 sentinae
312 2907 396 2974 aqua
419 2889 554 2957 latenter
577 2889 675 2956 intrat
697 2897 730 2956 et
752 2889 876 2969 crescit,
901 2888 1002 2956 donec
1018 2886 1110 2954 uaris

146 3001 323 3080 mergatur,
346 2995 389 3062 ita
412 3013 454 3062 ex
478 2994 542 3062 otio
565 2995 769 3081 cogitationes
790 3003 821 3063 et
837 2993 1111 3080 concupiscentiae

147 3101 413 3187 multiplicantur,
437 3101 539 3170 donee
562 3101 653 3168 nauis
677 3101 794 3182 cordis
817 3101 864 3169 eis
887 3100 1110 3180 succumbens,

220 3262 227 3296 ¹
247 3265 265 3316 Ι.
286 3263 355 3315 Tim.
374 3263 398 3328 5,
419 3263 445 3316 6.
466 3262 590 3330 Sequitur
608 3263 701 3314 Erech.
721 3263 763 3328 to,
783 3261 825 3314 ts.
844 3269 870 3316 et
889 3261 907 3314 i.
927 3259 986 3314 Cor.
1006 3261 1031 3327 9,
1049 3257 1093 3313 at.

218 3345 229 3378 ²
249 3349 326 3403 Eccli.
344 3349 388 3416 ³3,
407 3349 450 3402 29.
469 3348 594 3417 Sequitur
612 3349 690 3402 Prov.
713 3349 754 3416 ts,
774 3347 799 3402 i.
817 3349 887 3401 iuxta
906 3349 1086 3414 Septuaginta.

134 3467 137 3474 »
218 3435 229 3467 ⁸
248 3439 290 3492 ιν.
305 3423 347 3492 ‘ue
366 3439 433 3492 vrrrs
452 3439 568 3506 uanum,
589 3452 613 3492 c.
632 3438 675 3492 se.

217 3525 229 3557 ⁴
247 3527 305 3581 Lib.
323 3529 343 3582 t.
361 3527 402 3581 Ad
420 3527 522 3582 Fratres
540 3527 574 3580 de
594 3528 678 3581 Monte
697 3525 752 3594 Dei,
771 3539 794 3581 c.
814 3526 839 3579 8.
858 3540 885 3580 n.
904 3527 947 3580 at.
