<?xml version="1.0" encoding="UTF-8"?>
<!DOCTYPE html PUBLIC "-//W3C//DTD XHTML 1.0 Transitional//EN"
    "http://www.w3.org/TR/xhtml1/DTD/xhtml1-transitional.dtd">
<html xmlns="http://www.w3.org/1999/xhtml" xml:lang="en" lang="en">
 <head>
  <title>
</title>
<meta http-equiv="Content-Type" content="text/html;charset=utf-8" />
  <meta name='ocr-system' content='tesseract 3.04.00' />
  <meta name='ocr-capabilities' content='ocr_page ocr_carea ocr_par ocr_line ocrx_word'/>
</head>
<body>
  <div class='ocr_page' id='page_1' title='image "./deexterioriseti00davigoog_0401.png"; bbox 0 0 2742 4320; ppageno 0'>
   <div class='ocr_carea' id='block_1_1' title="bbox 299 222 908 291">
    <p class='ocr_par' dir='ltr' id='par_1_1' title="bbox 299 222 908 291">
     <span class='ocr_line' id='line_1_1' title="bbox 299 222 908 291; baseline -0.008 0"><span class='ocrx_word' id='word_1_1' title='bbox 299 222 363 291; x_wconf 76' lang='lat'>356</span> <span class='ocrx_word' id='word_1_2' title='bbox 658 239 746 288; x_wconf 79' lang='lat' dir='ltr'>urana</span> <span class='ocrx_word' id='word_1_3' title='bbox 771 238 908 287; x_wconf 84' lang='lat' dir='ltr'>ruamus</span> 
     </span>
    </p>
   </div>
   <div class='ocr_carea' id='block_1_2' title="bbox 237 343 1257 3304">
    <p class='ocr_par' dir='ltr' id='par_1_2' title="bbox 237 343 1257 1368">
     <span class='ocr_line' id='line_1_2' title="bbox 299 343 1255 430; baseline -0.002 -18"><span class='ocrx_word' id='word_1_4' title='bbox 299 344 441 412; x_wconf 84' lang='lat' dir='ltr'>tualibus</span> <span class='ocrx_word' id='word_1_5' title='bbox 465 343 674 430; x_wconf 71' lang='lat' dir='ltr'>experientiis</span> <span class='ocrx_word' id='word_1_6' title='bbox 689 343 790 428; x_wconf 86' lang='lat' dir='ltr'>magis</span> <span class='ocrx_word' id='word_1_7' title='bbox 813 343 973 428; x_wconf 76' lang='lat' dir='ltr'>pertinent</span> <span class='ocrx_word' id='word_1_8' title='bbox 992 343 1032 410; x_wconf 91' lang='lat' dir='ltr'>ad</span> <span class='ocrx_word' id='word_1_9' title='bbox 1051 343 1255 424; x_wconf 82' lang='lat' dir='ltr'>intellectum,</span> 
     </span>
     <span class='ocr_line' id='line_1_3' title="bbox 298 449 1257 520; baseline -0.004 0"><span class='ocrx_word' id='word_1_10' title='bbox 298 460 335 520; x_wconf 92' lang='lat' dir='ltr'>ut</span> <span class='ocrx_word' id='word_1_11' title='bbox 359 459 434 520; x_wconf 89' lang='lat' dir='ltr'>sunt</span> <span class='ocrx_word' id='word_1_12' title='bbox 457 450 668 518; x_wconf 80' lang='lat' dir='ltr'>revelationes</span> <span class='ocrx_word' id='word_1_13' title='bbox 691 455 888 517; x_wconf 88' lang='lat' dir='ltr'>secretorum</span> <span class='ocrx_word' id='word_1_14' title='bbox 912 457 945 517; x_wconf 88' lang='lat' dir='ltr'>et</span> <span class='ocrx_word' id='word_1_15' title='bbox 960 450 1097 518; x_wconf 81' lang='lat' dir='ltr'>visiones</span> <span class='ocrx_word' id='word_1_16' title='bbox 1119 449 1168 518; x_wconf 94' lang='lat' dir='ltr'>vel</span> <span class='ocrx_word' id='word_1_17' title='bbox 1182 450 1257 516; x_wconf 85' lang='lat' dir='ltr'>ima·</span> 
     </span>
     <span class='ocr_line' id='line_1_4' title="bbox 298 555 1255 644; baseline -0.002 -20"><span class='ocrx_word' id='word_1_18' title='bbox 298 557 439 644; x_wconf 87' lang='lat' dir='ltr'>ginariae</span> <span class='ocrx_word' id='word_1_19' title='bbox 463 556 759 636; x_wconf 85' lang='lat' dir='ltr'>demonstrationes,</span> <span class='ocrx_word' id='word_1_20' title='bbox 783 555 815 622; x_wconf 90' lang='lat' dir='ltr'>in</span> <span class='ocrx_word' id='word_1_21' title='bbox 838 555 957 642; x_wconf 85' lang='lat' dir='ltr'>quibus</span> <span class='ocrx_word' id='word_1_22' title='bbox 980 556 1110 643; x_wconf 86' lang='lat' dir='ltr'>quidam</span> <span class='ocrx_word' id='word_1_23' title='bbox 1134 556 1173 624; x_wconf 92' lang='lat' dir='ltr'>de</span> <span class='ocrx_word' id='word_1_24' title='bbox 1201 573 1255 622; x_wconf 87' lang='lat' dir='ltr'>ve-</span> 
     </span>
     <span class='ocr_line' id='line_1_5' title="bbox 237 662 1252 750; baseline -0.003 -20"><span class='ocrx_word' id='word_1_25' title='bbox 237 724 240 730; x_wconf 89' lang='lat'>.</span> <span class='ocrx_word' id='word_1_26' title='bbox 297 665 392 732; x_wconf 84' lang='lat' dir='ltr'>ritate</span> <span class='ocrx_word' id='word_1_27' title='bbox 414 663 585 750; x_wconf 87' lang='lat' dir='ltr'>aliquando</span> <span class='ocrx_word' id='word_1_28' title='bbox 609 662 813 742; x_wconf 86' lang='lat' dir='ltr'>erudiuntur,</span> <span class='ocrx_word' id='word_1_29' title='bbox 836 671 867 730; x_wconf 91' lang='lat' dir='ltr'>et</span> <span class='ocrx_word' id='word_1_30' title='bbox 890 662 1021 749; x_wconf 90' lang='lat' dir='ltr'>plurimi</span> <span class='ocrx_word' id='word_1_31' title='bbox 1052 663 1252 730; x_wconf 90' lang='lat' dir='ltr'>deluduntur.</span> 
     </span>
     <span class='ocr_line' id='line_1_6' title="bbox 298 767 1253 854; baseline -0.001 -17"><span class='ocrx_word' id='word_1_32' title='bbox 298 771 350 838; x_wconf 90' lang='lat' dir='ltr'>His</span> <span class='ocrx_word' id='word_1_33' title='bbox 372 775 480 838; x_wconf 90' lang='lat' dir='ltr'>autem</span> <span class='ocrx_word' id='word_1_34' title='bbox 505 767 715 836; x_wconf 86' lang='lat' dir='ltr'>tantominus</span> <span class='ocrx_word' id='word_1_35' title='bbox 738 768 975 836; x_wconf 88' lang='lat' dir='ltr'>immorandum</span> <span class='ocrx_word' id='word_1_36' title='bbox 993 777 1052 847; x_wconf 89' lang='lat' dir='ltr'>est,</span> <span class='ocrx_word' id='word_1_37' title='bbox 1068 775 1182 854; x_wconf 87' lang='lat' dir='ltr'>quanto</span> <span class='ocrx_word' id='word_1_38' title='bbox 1196 769 1253 836; x_wconf 82' lang='lat' dir='ltr'>ire·</span> 
     </span>
     <span class='ocr_line' id='line_1_7' title="bbox 299 874 1251 964; baseline -0.004 -20"><span class='ocrx_word' id='word_1_39' title='bbox 299 878 449 964; x_wconf 82' lang='lat' dir='ltr'>quentius</span> <span class='ocrx_word' id='word_1_40' title='bbox 472 877 518 944; x_wconf 87' lang='lat' dir='ltr'>eis</span> <span class='ocrx_word' id='word_1_41' title='bbox 542 876 711 943; x_wconf 86' lang='lat' dir='ltr'>innitentes</span> <span class='ocrx_word' id='word_1_42' title='bbox 734 874 908 960; x_wconf 87' lang='lat' dir='ltr'>decipiunt,</span> <span class='ocrx_word' id='word_1_43' title='bbox 938 881 970 943; x_wconf 88' lang='lat' dir='ltr'>et</span> <span class='ocrx_word' id='word_1_44' title='bbox 1004 884 1124 961; x_wconf 88' lang='lat' dir='ltr'>quanto</span> <span class='ocrx_word' id='word_1_45' title='bbox 1154 876 1251 941; x_wconf 87' lang='lat' dir='ltr'>minor</span> 
     </span>
     <span class='ocr_line' id='line_1_8' title="bbox 298 980 1251 1069; baseline -0.003 -19"><span class='ocrx_word' id='word_1_46' title='bbox 298 984 401 1050; x_wconf 90' lang='lat' dir='ltr'>estin</span> <span class='ocrx_word' id='word_1_47' title='bbox 426 982 543 1051; x_wconf 86' lang='lat' dir='ltr'>talibus</span> <span class='ocrx_word' id='word_1_48' title='bbox 566 981 737 1069; x_wconf 87' lang='lat' dir='ltr'>proiectus,</span> <span class='ocrx_word' id='word_1_49' title='bbox 760 981 855 1048; x_wconf 89' lang='lat' dir='ltr'>etiam</span> <span class='ocrx_word' id='word_1_50' title='bbox 879 999 953 1050; x_wconf 87' lang='lat' dir='ltr'>eum</span> <span class='ocrx_word' id='word_1_51' title='bbox 980 999 1057 1048; x_wconf 91' lang='lat' dir='ltr'>vera</span> <span class='ocrx_word' id='word_1_52' title='bbox 1080 989 1161 1062; x_wconf 76' lang='lat' dir='ltr'>sunt</span> <span class='ocrx_word' id='word_1_53' title='bbox 1184 980 1251 1048; x_wconf 90' lang='lat' dir='ltr'>licet</span> 
     </span>
     <span class='ocr_line' id='line_1_9' title="bbox 298 1087 1249 1174; baseline -0.003 -18"><span class='ocrx_word' id='word_1_54' title='bbox 298 1107 317 1156; x_wconf 90' lang='lat' dir='ltr'>a</span> <span class='ocrx_word' id='word_1_55' title='bbox 333 1088 468 1156; x_wconf 84' lang='lat' dir='ltr'>rudibus</span> <span class='ocrx_word' id='word_1_56' title='bbox 480 1094 512 1156; x_wconf 89' lang='lat' dir='ltr'>et</span> <span class='ocrx_word' id='word_1_57' title='bbox 524 1087 738 1174; x_wconf 82' lang='lat' dir='ltr'>spiritualium</span> <span class='ocrx_word' id='word_1_58' title='bbox 752 1087 982 1154; x_wconf 79' lang='lat' dir='ltr'>charismatum</span> <span class='ocrx_word' id='word_1_59' title='bbox 997 1088 1116 1172; x_wconf 91' lang='lat' dir='ltr'>ignaris</span> <span class='ocrx_word' id='word_1_60' title='bbox 1128 1103 1249 1172; x_wconf 88' lang='lat' dir='ltr'>magnae</span> 
     </span>
     <span class='ocr_line' id='line_1_10' title="bbox 280 1193 1248 1281; baseline -0.004 -17"><span class='ocrx_word' id='word_1_61' title='bbox 280 1195 474 1264; x_wconf 65' lang='lat' dir='ltr'>,sanctitatis</span> <span class='ocrx_word' id='word_1_62' title='bbox 496 1201 528 1262; x_wconf 92' lang='lat' dir='ltr'>et</span> <span class='ocrx_word' id='word_1_63' title='bbox 551 1194 725 1281; x_wconf 88' lang='lat' dir='ltr'>sapientiae</span> <span class='ocrx_word' id='word_1_64' title='bbox 748 1194 852 1260; x_wconf 91' lang='lat' dir='ltr'>virtus</span> <span class='ocrx_word' id='word_1_65' title='bbox 875 1194 907 1260; x_wconf 94' lang='lat' dir='ltr'>in</span> <span class='ocrx_word' id='word_1_66' title='bbox 944 1194 1127 1261; x_wconf 88' lang='lat' dir='ltr'>huiusmodi</span> <span class='ocrx_word' id='word_1_67' title='bbox 1157 1193 1248 1260; x_wconf 88' lang='lat' dir='ltr'>oonsi-</span> 
     </span>
     <span class='ocr_line' id='line_1_11' title="bbox 299 1301 603 1368; baseline -0.003 -2"><span class='ocrx_word' id='word_1_68' title='bbox 299 1307 383 1368; x_wconf 90' lang='lat' dir='ltr'>stere</span> <span class='ocrx_word' id='word_1_69' title='bbox 406 1301 603 1368; x_wconf 84' lang='lat' dir='ltr'>aestimetur.</span> 
     </span>
    </p>

    <p class='ocr_par' dir='ltr' id='par_1_3' title="bbox 295 1406 1250 2771">
     <span class='ocr_line' id='line_1_12' title="bbox 389 1406 1246 1492; baseline -0.005 -18"><span class='ocrx_word' id='word_1_70' title='bbox 389 1411 419 1474; x_wconf 70' lang='lat'>2.</span> <span class='ocrx_word' id='word_1_71' title='bbox 443 1409 587 1492; x_wconf 84' lang='lat' dir='ltr'>Quatuor</span> <span class='ocrx_word' id='word_1_72' title='bbox 623 1415 697 1474; x_wconf 91' lang='lat' dir='ltr'>suut</span> <span class='ocrx_word' id='word_1_73' title='bbox 721 1423 838 1492; x_wconf 88' lang='lat' dir='ltr'>genera</span> <span class='ocrx_word' id='word_1_74' title='bbox 868 1406 1050 1485; x_wconf 81' lang='lat' dir='ltr'>visionum,</span> <span class='ocrx_word' id='word_1_75' title='bbox 1076 1417 1107 1474; x_wconf 87' lang='lat' dir='ltr'>et</span> <span class='ocrx_word' id='word_1_76' title='bbox 1130 1406 1246 1473; x_wconf 91' lang='lat' dir='ltr'>totidem</span> 
     </span>
     <span class='ocr_line' id='line_1_13' title="bbox 299 1511 1247 1600; baseline -0.005 -18"><span class='ocrx_word' id='word_1_77' title='bbox 299 1521 373 1582; x_wconf 88' lang='lat' dir='ltr'>sunt</span> <span class='ocrx_word' id='word_1_78' title='bbox 397 1531 515 1600; x_wconf 91' lang='lat' dir='ltr'>genera</span> <span class='ocrx_word' id='word_1_79' title='bbox 538 1512 788 1594; x_wconf 79' lang='lat' dir='ltr'>revelationum,</span> <span class='ocrx_word' id='word_1_80' title='bbox 812 1513 961 1599; x_wconf 85' lang='lat' dir='ltr'>quamvis</span> <span class='ocrx_word' id='word_1_81' title='bbox 984 1519 1016 1580; x_wconf 91' lang='lat' dir='ltr'>et</span> <span class='ocrx_word' id='word_1_82' title='bbox 1041 1514 1172 1582; x_wconf 88' lang='lat' dir='ltr'>visiones</span> <span class='ocrx_word' id='word_1_83' title='bbox 1192 1511 1247 1578; x_wconf 91' lang='lat' dir='ltr'>diei</span> 
     </span>
     <span class='ocr_line' id='line_1_14' title="bbox 299 1619 1250 1707; baseline -0.002 -21"><span class='ocrx_word' id='word_1_84' title='bbox 299 1621 419 1705; x_wconf 89' lang='lat' dir='ltr'>possint</span> <span class='ocrx_word' id='word_1_85' title='bbox 443 1620 663 1700; x_wconf 87' lang='lat' dir='ltr'>revelationes,</span> <span class='ocrx_word' id='word_1_86' title='bbox 687 1619 762 1706; x_wconf 87' lang='lat' dir='ltr'>quia</span> <span class='ocrx_word' id='word_1_87' title='bbox 786 1619 818 1686; x_wconf 92' lang='lat' dir='ltr'>in</span> <span class='ocrx_word' id='word_1_88' title='bbox 842 1620 889 1688; x_wconf 92' lang='lat' dir='ltr'>eis</span> <span class='ocrx_word' id='word_1_89' title='bbox 912 1619 1020 1707; x_wconf 88' lang='lat' dir='ltr'>aliqua</span> <span class='ocrx_word' id='word_1_90' title='bbox 1043 1628 1163 1688; x_wconf 89' lang='lat' dir='ltr'>secreta</span> <span class='ocrx_word' id='word_1_91' title='bbox 1173 1635 1250 1685; x_wconf 89' lang='lat' dir='ltr'>reve·</span> 
     </span>
     <span class='ocr_line' id='line_1_15' title="bbox 298 1727 1248 1815; baseline -0.004 -21"><span class='ocrx_word' id='word_1_92' title='bbox 298 1727 415 1794; x_wconf 91' lang='lat' dir='ltr'>lantur.</span> <span class='ocrx_word' id='word_1_93' title='bbox 440 1728 604 1814; x_wconf 85' lang='lat' dir='ltr'>Quaedam</span> <span class='ocrx_word' id='word_1_94' title='bbox 629 1727 920 1815; x_wconf 77' lang='lat' dir='ltr'>visiones&#39;proprie</span> <span class='ocrx_word' id='word_1_95' title='bbox 943 1735 1077 1812; x_wconf 88' lang='lat' dir='ltr'>possunt</span> <span class='ocrx_word' id='word_1_96' title='bbox 1101 1727 1161 1795; x_wconf 90' lang='lat' dir='ltr'>dici</span> <span class='ocrx_word' id='word_1_97' title='bbox 1188 1743 1248 1792; x_wconf 85' lang='lat' dir='ltr'>cor·</span> 
     </span>
     <span class='ocr_line' id='line_1_16' title="bbox 295 1833 1248 1920; baseline -0.002 -20"><span class='ocrx_word' id='word_1_98' title='bbox 295 1834 443 1920; x_wconf 85' lang='lat' dir='ltr'>poroles,</span> <span class='ocrx_word' id='word_1_99' title='bbox 467 1853 550 1920; x_wconf 85' lang='lat' dir='ltr'>qnae</span> <span class='ocrx_word' id='word_1_100' title='bbox 576 1834 716 1920; x_wconf 80' lang='lat' dir='ltr'>vigilanti</span> <span class='ocrx_word' id='word_1_101' title='bbox 740 1833 949 1920; x_wconf 81' lang='lat' dir='ltr'>corporaliter</span> <span class='ocrx_word' id='word_1_102' title='bbox 979 1835 1197 1912; x_wconf 87' lang='lat' dir='ltr'>ostenduntur,</span> <span class='ocrx_word' id='word_1_103' title='bbox 1215 1836 1248 1899; x_wconf 88' lang='lat' dir='ltr'>ut</span> 
     </span>
     <span class='ocr_line' id='line_1_17' title="bbox 299 1938 1247 2026; baseline 0.001 -20"><span class='ocrx_word' id='word_1_104' title='bbox 299 1941 448 2026; x_wconf 86' lang='lat' dir='ltr'>llloyses¹</span> <span class='ocrx_word' id='word_1_105' title='bbox 473 1941 553 2009; x_wconf 91' lang='lat' dir='ltr'>vidit</span> <span class='ocrx_word' id='word_1_106' title='bbox 576 1941 747 2008; x_wconf 88' lang='lat' dir='ltr'>Dominum</span> <span class='ocrx_word' id='word_1_107' title='bbox 771 1941 804 2007; x_wconf 92' lang='lat' dir='ltr'>in</span> <span class='ocrx_word' id='word_1_108' title='bbox 820 1941 903 2008; x_wconf 88' lang='lat' dir='ltr'>rubo</span> <span class='ocrx_word' id='word_1_109' title='bbox 919 1940 1056 2020; x_wconf 88' lang='lat' dir='ltr'>ardenti,</span> <span class='ocrx_word' id='word_1_110' title='bbox 1078 1948 1109 2007; x_wconf 91' lang='lat' dir='ltr'>et</span> <span class='ocrx_word' id='word_1_111' title='bbox 1132 1938 1247 2007; x_wconf 84' lang='lat' dir='ltr'>Patres¹</span> 
     </span>
     <span class='ocr_line' id='line_1_18' title="bbox 299 2045 1248 2134; baseline -0.003 -20"><span class='ocrx_word' id='word_1_112' title='bbox 299 2063 394 2132; x_wconf 87' lang='lat' dir='ltr'>saepe</span> <span class='ocrx_word' id='word_1_113' title='bbox 417 2047 550 2132; x_wconf 82' lang='lat' dir='ltr'>Angelos</span> <span class='ocrx_word' id='word_1_114' title='bbox 575 2045 744 2115; x_wconf 86' lang='lat' dir='ltr'>visibiliter</span> <span class='ocrx_word' id='word_1_115' title='bbox 760 2053 979 2134; x_wconf 90' lang='lat' dir='ltr'>susceperunt.</span> <span class='ocrx_word' id='word_1_116' title='bbox 1000 2047 1046 2114; x_wconf 84' lang='lat' dir='ltr'>ld</span> <span class='ocrx_word' id='word_1_117' title='bbox 1062 2047 1145 2114; x_wconf 89' lang='lat' dir='ltr'>hanc</span> <span class='ocrx_word' id='word_1_118' title='bbox 1158 2051 1248 2133; x_wconf 89' lang='lat' dir='ltr'>potest</span> 
     </span>
     <span class='ocr_line' id='line_1_19' title="bbox 299 2152 1247 2238; baseline -0.001 -19"><span class='ocrx_word' id='word_1_119' title='bbox 299 2152 412 2220; x_wconf 85' lang='lat' dir='ltr'>referri</span> <span class='ocrx_word' id='word_1_120' title='bbox 436 2153 654 2238; x_wconf 85' lang='lat' dir='ltr'>quorumlibet</span> <span class='ocrx_word' id='word_1_121' title='bbox 677 2170 831 2221; x_wconf 91' lang='lat' dir='ltr'>sensuum</span> <span class='ocrx_word' id='word_1_122' title='bbox 849 2153 1059 2238; x_wconf 88' lang='lat' dir='ltr'>experientia,</span> <span class='ocrx_word' id='word_1_123' title='bbox 1075 2160 1111 2222; x_wconf 90' lang='lat' dir='ltr'>ut</span> <span class='ocrx_word' id='word_1_124' title='bbox 1123 2153 1247 2230; x_wconf 88' lang='lat' dir='ltr'>auditus,</span> 
     </span>
     <span class='ocr_line' id='line_1_20' title="bbox 299 2257 1248 2346; baseline -0.004 -19"><span class='ocrx_word' id='word_1_125' title='bbox 299 2269 422 2346; x_wconf 88' lang='lat' dir='ltr'>gustus,</span> <span class='ocrx_word' id='word_1_126' title='bbox 446 2260 599 2327; x_wconf 87' lang='lat' dir='ltr'>odoratus</span> <span class='ocrx_word' id='word_1_127' title='bbox 622 2267 653 2327; x_wconf 92' lang='lat' dir='ltr'>et</span> <span class='ocrx_word' id='word_1_128' title='bbox 676 2266 790 2340; x_wconf 89' lang='lat' dir='ltr'>taetus,</span> <span class='ocrx_word' id='word_1_129' title='bbox 813 2260 889 2345; x_wconf 84' lang='lat' dir='ltr'>qula</span> <span class='ocrx_word' id='word_1_130' title='bbox 920 2259 1009 2328; x_wconf 88' lang='lat' dir='ltr'>visus</span> <span class='ocrx_word' id='word_1_131' title='bbox 1032 2277 1093 2345; x_wconf 93' lang='lat' dir='ltr'>pro</span> <span class='ocrx_word' id='word_1_132' title='bbox 1122 2257 1248 2346; x_wconf 82' lang='lat' dir='ltr'>quolibet</span> 
     </span>
     <span class='ocr_line' id='line_1_21' title="bbox 300 2364 1247 2452; baseline -0.003 -19"><span class='ocrx_word' id='word_1_133' title='bbox 300 2384 396 2433; x_wconf 89' lang='lat' dir='ltr'>sensu</span> <span class='ocrx_word' id='word_1_134' title='bbox 421 2366 495 2452; x_wconf 92' lang='lat' dir='ltr'>poni</span> <span class='ocrx_word' id='word_1_135' title='bbox 519 2366 615 2445; x_wconf 91' lang='lat' dir='ltr'>solel;</span> <span class='ocrx_word' id='word_1_136' title='bbox 642 2366 741 2434; x_wconf 84' lang='lat' dir='ltr'>Exodi</span> <span class='ocrx_word' id='word_1_137' title='bbox 775 2367 928 2452; x_wconf 90' lang='lat' dir='ltr'>vigesimo</span> <span class='ocrx_word' id='word_1_138' title='bbox 945 2365 974 2432; x_wconf 80' lang='lat'>⁸:</span> <span class='ocrx_word' id='word_1_139' title='bbox 1000 2365 1152 2452; x_wconf 82' lang='lat' dir='ltr'>Populus</span> <span class='ocrx_word' id='word_1_140' title='bbox 1176 2364 1247 2431; x_wconf 79' lang='lat' dir='ltr'>otte</span> 
     </span>
     <span class='ocr_line' id='line_1_22' title="bbox 301 2471 1247 2560; baseline -0.002 -20"><span class='ocrx_word' id='word_1_141' title='bbox 301 2473 356 2541; x_wconf 85' lang='lat' dir='ltr'>bot</span> <span class='ocrx_word' id='word_1_142' title='bbox 379 2492 473 2540; x_wconf 86' lang='lat' dir='ltr'>voces</span> <span class='ocrx_word' id='word_1_143' title='bbox 495 2480 525 2540; x_wconf 87' lang='lat' dir='ltr'>et</span> <span class='ocrx_word' id='word_1_144' title='bbox 549 2472 721 2560; x_wconf 83' lang='lat' dir='ltr'>lampades</span> <span class='ocrx_word' id='word_1_145' title='bbox 744 2482 774 2540; x_wconf 90' lang='lat' dir='ltr'>et</span> <span class='ocrx_word' id='word_1_146' title='bbox 807 2472 955 2540; x_wconf 82' lang='lat' dir='ltr'>sonitum</span> <span class='ocrx_word' id='word_1_147' title='bbox 991 2471 1151 2540; x_wconf 83' lang='lat' dir='ltr'>buccinae</span> <span class='ocrx_word' id='word_1_148' title='bbox 1181 2479 1247 2548; x_wconf 82' lang='lat' dir='ltr'>elc3</span> 
     </span>
     <span class='ocr_line' id='line_1_23' title="bbox 299 2577 1248 2666; baseline -0.002 -20"><span class='ocrx_word' id='word_1_149' title='bbox 299 2599 392 2648; x_wconf 83' lang='lat' dir='ltr'>voces</span> <span class='ocrx_word' id='word_1_150' title='bbox 428 2597 566 2666; x_wconf 86' lang='lat' dir='ltr'>namque</span> <span class='ocrx_word' id='word_1_151' title='bbox 589 2586 620 2647; x_wconf 88' lang='lat' dir='ltr'>et</span> <span class='ocrx_word' id='word_1_152' title='bbox 643 2579 791 2646; x_wconf 78' lang='lat' dir='ltr'>concitum</span> <span class='ocrx_word' id='word_1_153' title='bbox 820 2580 972 2648; x_wconf 80' lang='lat' dir='ltr'>buccinae</span> <span class='ocrx_word' id='word_1_154' title='bbox 1003 2597 1068 2648; x_wconf 92' lang='lat' dir='ltr'>non</span> <span class='ocrx_word' id='word_1_155' title='bbox 1092 2581 1171 2659; x_wconf 88' lang='lat' dir='ltr'>visu,</span> <span class='ocrx_word' id='word_1_156' title='bbox 1201 2577 1248 2646; x_wconf 89' lang='lat' dir='ltr'>sed</span> 
     </span>
     <span class='ocr_line' id='line_1_24' title="bbox 300 2686 809 2771; baseline -0.006 -19"><span class='ocrx_word' id='word_1_157' title='bbox 300 2686 413 2753; x_wconf 90' lang='lat' dir='ltr'>auditu</span> <span class='ocrx_word' id='word_1_158' title='bbox 437 2686 602 2771; x_wconf 89' lang='lat' dir='ltr'>percipere</span> <span class='ocrx_word' id='word_1_159' title='bbox 626 2691 809 2771; x_wconf 90' lang='lat' dir='ltr'>potuerunt.</span> 
     </span>
    </p>

    <p class='ocr_par' dir='ltr' id='par_1_4' title="bbox 301 2787 1251 3304">
     <span class='ocr_line' id='line_1_25' title="bbox 391 2787 1250 2880; baseline -0.007 -20"><span class='ocrx_word' id='word_1_160' title='bbox 391 2793 420 2860; x_wconf 87' lang='grc'>3.</span> <span class='ocrx_word' id='word_1_161' title='bbox 446 2793 535 2860; x_wconf 80' lang='lat' dir='ltr'>Aliae.</span> <span class='ocrx_word' id='word_1_162' title='bbox 552 2800 629 2861; x_wconf 91' lang='lat' dir='ltr'>sunt</span> <span class='ocrx_word' id='word_1_163' title='bbox 652 2791 882 2880; x_wconf 77' lang='lat' dir='ltr'>imaginariae</span> <span class='ocrx_word' id='word_1_164' title='bbox 905 2792 1055 2874; x_wconf 88' lang='lat' dir='ltr'>visiones,</span> <span class='ocrx_word' id='word_1_165' title='bbox 1078 2809 1159 2879; x_wconf 86' lang='lat' dir='ltr'>quae</span> <span class='ocrx_word' id='word_1_166' title='bbox 1179 2787 1250 2878; x_wconf 83' lang='lat' dir='ltr'>cipl-</span> 
     </span>
     <span class='ocr_line' id='line_1_26' title="bbox 301 2897 1249 2988; baseline -0.004 -22"><span class='ocrx_word' id='word_1_167' title='bbox 301 2897 386 2967; x_wconf 77' lang='lat' dir='ltr'>locta·</span> <span class='ocrx_word' id='word_1_168' title='bbox 408 2918 471 2966; x_wconf 93' lang='lat' dir='ltr'>oon</span> <span class='ocrx_word' id='word_1_169' title='bbox 495 2899 714 2988; x_wconf 89' lang='lat' dir='ltr'>corporaliter,</span> <span class='ocrx_word' id='word_1_170' title='bbox 738 2898 794 2966; x_wconf 90' lang='lat' dir='ltr'>sed</span> <span class='ocrx_word' id='word_1_171' title='bbox 822 2898 1008 2985; x_wconf 82' lang='lat' dir='ltr'>imaginarie</span> <span class='ocrx_word' id='word_1_172' title='bbox 1040 2899 1249 2974; x_wconf 87' lang='lat' dir='ltr'>ostenduntur,</span> 
     </span>
     <span class='ocr_line' id='line_1_27' title="bbox 301 3005 1251 3092; baseline -0.004 -18"><span class='ocrx_word' id='word_1_173' title='bbox 301 3007 368 3074; x_wconf 92' lang='lat' dir='ltr'>sive</span> <span class='ocrx_word' id='word_1_174' title='bbox 392 3007 510 3088; x_wconf 88' lang='lat' dir='ltr'>sobrio,</span> <span class='ocrx_word' id='word_1_175' title='bbox 534 3008 601 3074; x_wconf 92' lang='lat' dir='ltr'>sive</span> <span class='ocrx_word' id='word_1_176' title='bbox 625 3008 655 3073; x_wconf 92' lang='lat' dir='ltr'>in</span> <span class='ocrx_word' id='word_1_177' title='bbox 669 3023 804 3074; x_wconf 84' lang='lat' dir='ltr'>excessu</span> <span class='ocrx_word' id='word_1_178' title='bbox 823 3006 937 3072; x_wconf 90' lang='lat' dir='ltr'>mentis</span> <span class='ocrx_word' id='word_1_179' title='bbox 953 3012 1059 3092; x_wconf 89' lang='lat' dir='ltr'>rapto,</span> <span class='ocrx_word' id='word_1_180' title='bbox 1076 3015 1113 3075; x_wconf 89' lang='lat' dir='ltr'>ut</span> <span class='ocrx_word' id='word_1_181' title='bbox 1129 3005 1251 3073; x_wconf 87' lang='lat' dir='ltr'>visiones</span> 
     </span>
     <span class='ocr_line' id='line_1_28' title="bbox 302 3111 1250 3182; baseline -0.009 -1"><span class='ocrx_word' id='word_1_182' title='bbox 302 3114 473 3182; x_wconf 84' lang='lat' dir='ltr'>Ezechielis</span> <span class='ocrx_word' id='word_1_183' title='bbox 489 3114 499 3149; x_wconf 85' lang='lat'>⁴</span> <span class='ocrx_word' id='word_1_184' title='bbox 523 3123 554 3182; x_wconf 92' lang='lat' dir='ltr'>et</span> <span class='ocrx_word' id='word_1_185' title='bbox 571 3113 709 3182; x_wconf 87' lang='lat' dir='ltr'>Danielis</span> <span class='ocrx_word' id='word_1_186' title='bbox 725 3120 756 3180; x_wconf 93' lang='lat' dir='ltr'>et</span> <span class='ocrx_word' id='word_1_187' title='bbox 772 3111 909 3179; x_wconf 90' lang='lat' dir='ltr'>aliorum</span> <span class='ocrx_word' id='word_1_188' title='bbox 925 3113 1113 3180; x_wconf 87' lang='lat' dir='ltr'>Sanctorum</span> <span class='ocrx_word' id='word_1_189' title='bbox 1131 3113 1161 3179; x_wconf 91' lang='lat' dir='ltr'>in</span> <span class='ocrx_word' id='word_1_190' title='bbox 1181 3123 1250 3177; x_wconf 92' lang='lat' dir='ltr'>novo</span> 
     </span>
     <span class='ocr_line' id='line_1_29' title="bbox 302 3216 1250 3304; baseline -0.005 -18"><span class='ocrx_word' id='word_1_191' title='bbox 302 3221 352 3288; x_wconf 94' lang='lat' dir='ltr'>vel</span> <span class='ocrx_word' id='word_1_192' title='bbox 377 3221 477 3288; x_wconf 92' lang='lat' dir='ltr'>veteri</span> <span class='ocrx_word' id='word_1_193' title='bbox 501 3221 712 3288; x_wconf 88' lang='lat' dir='ltr'>Testamento.</span> <span class='ocrx_word' id='word_1_194' title='bbox 747 3219 831 3286; x_wconf 80' lang='lat' dir='ltr'>Aliae</span> <span class='ocrx_word' id='word_1_195' title='bbox 867 3218 1013 3286; x_wconf 90' lang='lat' dir='ltr'>similiter</span> <span class='ocrx_word' id='word_1_196' title='bbox 1049 3216 1250 3304; x_wconf 86' lang='lat' dir='ltr'>imaginariae,</span> 
     </span>
    </p>
   </div>
   <div class='ocr_carea' id='block_1_3' title="bbox 372 3376 1191 3625">
    <p class='ocr_par' dir='ltr' id='par_1_5' title="bbox 372 3376 1191 3625">
     <span class='ocr_line' id='line_1_30' title="bbox 373 3376 1191 3448; baseline -0.002 -17"><span class='ocrx_word' id='word_1_197' title='bbox 373 3378 383 3409; x_wconf 86' lang='lat'><strong>¹</strong></span> <span class='ocrx_word' id='word_1_198' title='bbox 403 3380 483 3433; x_wconf 84' lang='lat' dir='ltr'>Exod.</span> <span class='ocrx_word' id='word_1_199' title='bbox 503 3381 527 3448; x_wconf 84' lang='lat'>3,</span> <span class='ocrx_word' id='word_1_200' title='bbox 547 3383 572 3433; x_wconf 78' lang='lat'>2.</span> <span class='ocrx_word' id='word_1_201' title='bbox 853 3376 947 3432; x_wconf 75' lang='lat' dir='ltr'>&#39;Gen</span> <span class='ocrx_word' id='word_1_202' title='bbox 966 3392 1025 3446; x_wconf 88' lang='lat' dir='ltr'>cup.</span> <span class='ocrx_word' id='word_1_203' title='bbox 1045 3378 1088 3432; x_wconf 89' lang='lat' dir='ltr'>tll.</span> <span class='ocrx_word' id='word_1_204' title='bbox 1106 3383 1132 3434; x_wconf 86' lang='lat' dir='ltr'>et</span> <span class='ocrx_word' id='word_1_205' title='bbox 1153 3377 1191 3430; x_wconf 78' lang='grc'>19.</span> 
     </span>
     <span class='ocr_line' id='line_1_31' title="bbox 372 3467 543 3522; baseline 0.006 -1"><span class='ocrx_word' id='word_1_206' title='bbox 372 3467 384 3504; x_wconf 78' lang='lat'><strong>³</strong></span> <span class='ocrx_word' id='word_1_207' title='bbox 403 3469 480 3522; x_wconf 76' lang='lat' dir='ltr'>Vere.</span> <span class='ocrx_word' id='word_1_208' title='bbox 500 3470 543 3522; x_wconf 80' lang='lat' dir='ltr'>ts.</span> 
     </span>
     <span class='ocr_line' id='line_1_32' title="bbox 373 3554 765 3625; baseline 0.005 -15"><span class='ocrx_word' id='word_1_209' title='bbox 373 3554 384 3586; x_wconf 89' lang='lat'><strong>⁴</strong></span> <span class='ocrx_word' id='word_1_210' title='bbox 404 3559 495 3612; x_wconf 77' lang='lat' dir='ltr'>Erech.</span> <span class='ocrx_word' id='word_1_211' title='bbox 517 3561 540 3623; x_wconf 90' lang='lat' dir='ltr'>l,</span> <span class='ocrx_word' id='word_1_212' title='bbox 561 3560 591 3625; x_wconf 86' lang='lat' dir='ltr'>l;</span> <span class='ocrx_word' id='word_1_213' title='bbox 612 3559 674 3612; x_wconf 83' lang='lat' dir='ltr'>Dan.</span> <span class='ocrx_word' id='word_1_214' title='bbox 695 3557 720 3624; x_wconf 82' lang='lat'>7,</span> <span class='ocrx_word' id='word_1_215' title='bbox 740 3561 765 3612; x_wconf 80' lang='lat'>2.</span> 
     </span>
    </p>
   </div>
   <div class='ocr_carea' id='block_1_4' title="bbox 0 0 1378 4320">
    <p class='ocr_par' dir='ltr' id='par_1_6' title="bbox 0 0 1378 4320">
     <span class='ocr_line' id='line_1_33' title="bbox 0 0 1378 4320; baseline 0 0"><span class='ocrx_word' id='word_1_216' title='bbox 0 0 1378 4320; x_wconf 95' lang='lat' dir='ltr'> </span> 
     </span>
    </p>
   </div>
  </div>
 </body>
</html>
