2808 4318
294 278 334 324 nl:
357 275 598 326 ualonututotttt
622 278 750 326 HOMINIS
773 278 956 330 turuutoutS.
1045 264 1109 330 1117

143 390 177 449 et
200 381 230 447 in
250 382 406 449 medicina
422 384 580 468 corporali
597 384 722 451 sanitati
740 384 936 471 propinquat
956 385 1010 473 qrri
1027 386 1109 455 bene

143 498 251 556 servat
274 489 392 556 dietam
416 497 449 557 et
471 499 563 558 cavet
585 509 604 557 a
627 491 748 559 nocivis
772 499 803 558 et
838 493 893 578 qui
929 501 1109 562 constanter

143 595 257 680 recipit
272 603 304 663 et
316 595 451 663 sustinet
467 614 613 664 amarum
630 596 782 684 poculum
800 598 1021 680 confectionis3
1037 600 1110 668 Gre-

144 703 254 788 gorius
276 704 300 768 ¹:
332 705 424 789 «Qui
448 705 568 790 appetit
590 705 685 791 plene
708 705 785 772 vitia
821 706 948 773 vincere
983 707 1110 774 studeat

144 809 309 876 humiliter
333 810 532 895 purgationis
567 829 643 878 snae
678 810 805 897 llagella
839 812 977 880 tolerare
993 837 1033 895 »3
1068 811 1110 881 ad

144 915 378 1001 Philippenses:
404 917 479 984 Seio
503 926 533 984 et
556 917 732 985 olnndore
758 927 788 985 et
820 918 1002 1005 pettoriano
1033 919 1110 1007 poti

143 1030 172 1088 et
195 1021 327 1088 esurire
350 1031 379 1089 et
400 1024 570 1102 solutori,
594 1023 714 1114 ubique
736 1032 766 1090 et
782 1024 817 1090 in
842 1025 995 1092 omnibus
1011 1026 1106 1094 insti-

143 1137 237 1196 totns
260 1149 338 1196 som
362 1137 419 1198 etc.

467 1344 651 1411 Cnerrnnun
676 1345 779 1411 xttx.

390 1556 548 1623 Lonorio
571 1555 784 1644 quadruplae
808 1566 863 1624 est.

233 1770 261 1833 l.
285 1757 447 1833 Lnenrtn‘
466 1767 672 1854 quadruplex
706 1778 771 1837 est:
807 1769 912 1855 prima
944 1769 975 1836 in
1000 1769 1108 1850 corde,

140 1874 272 1961 quando
308 1875 404 1942 horno
438 1874 621 1942 inuuundas
659 1882 690 1942 et
730 1875 870 1944 lubricas
905 1876 1110 1962 cogitationes
1174 1909 1176 1914 ·

141 1981 279 2050 scienter
302 1989 334 2048 et
358 1981 537 2048 voluntarie
553 1999 650 2048 causa
666 1999 784 2067 prauae
807 1982 1025 2050 delectationis
1042 2001 1110 2050 rer·

142 2095 192 2155 sat
214 2090 244 2153 in
258 2088 446 2172 cogitatione
463 2088 530 2154 sine
547 2090 758 2173 repugnantia
773 2107 968 2167 consensus,·
984 2089 1112 2176 Sapien·

141 2193 230 2261 tia¹z
259 2194 440 2260 Peroeraoe
463 2193 678 2282 copitotiones
701 2203 864 2280 separant
885 2215 908 2262 n
927 2197 1015 2274 Deo;
1031 2197 1108 2264 llat-

140 2302 273 2367 thaeus:
297 2300 508 2388 ,Quicumque
537 2302 659 2368 uiderit
693 2302 866 2369 mulierem
887 2303 935 2370 nd
957 2303 1110 2390 eoncupi-

140 2407 305 2474 ceeudttm
321 2426 407 2486 enm,
424 2407 495 2474 αἀαι
511 2406 704 2475 ncnecltotua
719 2418 765 2475 est
780 2427 855 2476 eom
875 2409 911 2476 in
926 2410 1025 2477 corde
1039 2413 1130 2477 sno?

233 2518 263 2581 1.
276 2515 431 2596 Secunda,
444 2515 573 2600 quando
585 2516 665 2583 citra
680 2533 762 2601 opus
778 2516 998 2602 generativum
1014 2518 1111 2584 homo

141 2622 237 2689 satiat
260 2639 294 2689 se
318 2621 495 2689 libidinosis
511 2622 663 2707 gestibus,
679 2623 905 2709 amplexando,
926 2623 1111 2704 osculando,

142 2727 315 2814 palpando
339 2728 500 2812 impudice
524 2727 723 2814 respiciendo
746 2736 778 2796 et
802 2729 961 2816 loquendo
992 2736 1024 2797 et
1058 2747 1112 2797 au·

141 2835 312 2902 scultando
336 2834 443 2921 turpia
459 2834 526 2901 sola
541 2835 750 2904 delectatione
766 2854 876 2922 prava,
893 2837 944 2904 vel
960 2836 1030 2904 aliis
1047 2853 1109 2903 me·

144 2941 283 3009 retriciis
305 2939 469 3008 blanditiis
491 2941 611 3008 carnali
640 2941 797 3010 affectioni
833 2942 993 3010 satisfacit.
1029 2942 1111 3010 llaec

142 3055 232 3115 tanto
256 3054 305 3116 est
328 3048 457 3134 gravior
480 3066 576 3134 quarn
603 3049 719 3134 prima,
755 3057 873 3136 quanto
909 3049 1035 3134 longius
1069 3049 1111 3116 ad

144 3153 323 3222 exteriores
338 3163 472 3222 conatus
488 3173 585 3222 causa
601 3172 720 3240 pravae
736 3154 955 3224 delectationis
978 3162 1026 3223 est
1042 3173 1111 3242 pro·

144 3277 266 3346 gressa.
290 3259 320 3326 Si
345 3259 430 3327 enirn
455 3259 522 3328 sola
545 3279 644 3347 prava
669 3279 759 3329 mens
783 3278 840 3330 rea
860 3268 908 3330 est
932 3261 962 3328 in
988 3279 1021 3330 sc
1052 3279 1111 3349 per

218 3419 227 3454 ¹
249 3421 266 3473 l.
286 3421 382 3474 llomll.
400 3420 426 3474 in
446 3421 545 3487 Evang.
559 3422 647 3474 ltornll.
663 3422 704 3474 tt.
724 3436 750 3474 n.
771 3421 796 3475 l.
817 3451 852 3461 -
871 3422 971 3476 Deinde
990 3424 1112 3492 sequitur

143 3507 209 3560 Phil.
230 3506 255 3572 l,
275 3509 318 3561 ta.

215 3594 310 3663 ²Cap.
332 3599 356 3664 1,
375 3597 400 3649 3.
420 3597 510 3652 Postea
524 3600 642 3665 sequitur
661 3599 747 3652 llattlr.
768 3598 792 3666 5,
813 3601 856 3652 28.

1061 3659 1074 3690 0
