2808 4318
319 243 383 309 tot
671 259 759 308 nmen
783 260 921 308 ruamus,

314 364 489 451 spiritualis
513 364 654 432 consistit
678 365 709 430 in
726 363 870 431 duobus:
887 364 919 431 in
935 364 1128 432 naturalium
1148 365 1264 432 animae

313 473 527 558 potentiarum
551 471 753 539 decoratione
773 479 806 539 et
824 471 929 539 carnis
944 471 985 538 ad
1002 471 1149 558 spiritum
1166 471 1266 558 quieta

314 577 566 646 concordatione.
591 578 679 647 Tunc
702 577 787 646 enim
812 578 907 644 homo
933 594 1007 645 vere
1025 577 1200 664 spiritualis
1213 582 1265 655 est,

314 702 388 752 cum
411 684 553 771 spiritus
577 692 662 752 totns
685 693 733 754 est
755 685 797 753 ad
820 685 921 753 Deum
943 694 1069 753 erectus
1085 693 1117 752 et
1139 686 1168 752 ei
1185 701 1267 752 coor-

314 791 442 860 dinatus
465 799 497 860 et
516 792 581 860 Deo
597 792 721 879 plenus,
738 800 769 860 et
784 811 908 878 corpus
924 792 1050 878 spiritui
1066 792 1097 858 in
1115 791 1177 872 his,
1191 807 1267 878 quae

313 897 369 965 Dei
394 905 487 979 sunt,v
502 916 564 965 nou
589 899 718 979 resistit,
741 898 797 966 sed
828 916 888 985 pro
923 895 1018 966 modo
1045 915 1105 966 sno
1127 906 1267 985 prompte

313 1004 439 1090 spiritui
455 1004 662 1090 obtemperat,
679 1023 737 1072 neo
753 1005 1006 1092 concupiscendo
1023 1005 1107 1072 mata
1123 1023 1181 1072 nec
1203 1004 1267 1070 hor·

314 1111 415 1179 rendo
432 1111 514 1179 dura
538 1112 588 1179 rol
611 1112 801 1180 fastidiendo
824 1112 917 1179 bona.

402 1219 433 1285 ἓ.
457 1218 616 1287 Potentiae
639 1205 773 1300 animae,
797 1220 828 1285 in
852 1219 972 1307 quibus
996 1219 1165 1305 imaginem
1191 1235 1268 1288 sum·

312 1343 383 1392 mae
408 1325 571 1394 Trinitatis
594 1326 743 1413 praefert,
773 1333 848 1393 suut
882 1334 964 1394 tres:
989 1326 1091 1405 ratio,
1119 1326 1267 1394 voluntas

311 1439 343 1500 et
365 1432 540 1511 memorio,
563 1450 645 1519 quae
669 1441 774 1501 tamen
799 1433 829 1499 in
854 1450 888 1501 se
911 1433 989 1520 ipsis
1012 1433 1122 1501 inanes
1146 1438 1268 1501 suntet

312 1557 431 1607 vacuae
455 1539 546 1606 bonis
569 1546 600 1606 et
623 1538 764 1625 indigent
787 1539 894 1606 ornari
919 1547 950 1608 et
975 1540 1090 1627 repleri
1106 1540 1150 1607 ab
1174 1540 1267 1606 iltoet

313 1646 353 1714 de
369 1646 433 1728 iilo,
453 1646 507 1733 qui
532 1645 604 1714 tecit
628 1664 692 1726 ees,
716 1646 777 1714 hoc
800 1654 848 1714 est
870 1665 889 1713 a
911 1646 986 1714 Deo.
1010 1646 1099 1713 Ratio
1115 1646 1268 1714 illumina·

312 1761 367 1821 tur
400 1754 440 1821 ad
477 1753 687 1839 cognitionem
723 1752 801 1833 veri,
832 1753 980 1820 uoluntas
1014 1753 1201 1822 accenditur
1229 1751 1266 1819 ad

312 1877 454 1928 amorem
478 1859 563 1940 boni,
587 1859 741 1928 memoria
772 1859 999 1946 tranquillatur
1032 1859 1265 1927 adfruendum
1372 1881 1373 1900 ¹

313 1973 346 2034 et
367 1966 599 2035 inhaerendum
624 1983 700 2033 vero
723 1965 816 2033 bono.
840 1965 932 2032 Nulla
949 1966 1082 2033 istarum
1100 1967 1187 2035 valet
1201 1983 1266 2034 esse

311 2074 362 2142 rel
386 2073 495 2161 perfici
519 2075 588 2142 siue
611 2073 698 2142 aliis:
724 2072 749 2141 si
775 2073 856 2140 ratio
879 2091 941 2140 non
965 2072 1099 2154 rideret,
1122 2073 1266 2142 voluntas

311 2199 374 2248 non
398 2188 531 2260 amaret,
554 2180 630 2267 quia
653 2197 711 2248 nec
734 2171 847 2261 sciret,'
862 2179 939 2266 quid
971 2187 1055 2247 esset
1077 2180 1265 2256 amandum;

311 2287 337 2355 si
363 2306 424 2355 non
448 2295 580 2367 amaret,
615 2304 677 2354 uon
713 2287 927 2357 delectaretur
954 2288 985 2354 in
1009 2286 1110 2367 bono;
1133 2287 1220 2366 item,
1242 2284 1265 2352 si

235 2480 237 2486 Ι
311 2413 373 2463 non
397 2389 631 2462 memoraretur
666 2395 752 2475 boni,
774 2394 934 2481 quomodo
965 2401 1071 2481 posset
1098 2409 1265 2480 agnoscere

312 2502 363 2570 rel
384 2501 463 2569 illud
489 2507 620 2569 amaret
642 2536 688 2548 —
710 2501 878 2568 Summum
909 2507 1016 2568 autem
1041 2500 1162 2567 bonum
1187 2500 1265 2568 neus

311 2619 369 2689 est,
392 2617 424 2678 et
446 2609 518 2676 ideo
540 2608 636 2676 etiam
660 2613 709 2676 est
739 2625 865 2676 summe
890 2625 1013 2686 rerum,
1036 2607 1112 2695 quia
1137 2587 1180 2674 ab
1201 2606 1264 2692 ipso

310 2715 416 2785 fluunt
438 2717 553 2798 omnia,
577 2722 614 2783 ut
637 2715 700 2782 sint
722 2723 754 2784 et
776 2722 812 2782 ut
839 2714 923 2782 bona
957 2714 1028 2782 sint.
1064 2714 1152 2782 Sicut
1185 2713 1264 2780 neus

310 2823 490 2892 machinam
526 2823 623 2890 huius
658 2822 768 2890 mundi
805 2822 910 2909 primo
943 2838 985 2889 ex
1017 2820 1117 2888 nihilo
1140 2817 1263 2891 crearit.

310 2940 420 3019 postea
443 2929 589 2998 distinxit
612 2937 644 2998 et
666 2927 827 3008 ornavit²‚
852 2927 895 2994 ita
917 2934 949 2995 et
971 2927 1133 2994 hominem
1168 2926 1264 3014 primo

309 3035 425 3104 format
449 3034 627 3103 secundum
651 3051 768 3121 corpus
795 3033 827 3099 in
858 3040 960 3114 utero,
983 3031 1099 3100 deinde
1129 3032 1262 3100 animam

311 3142 496 3211 rationalem
521 3141 658 3210 infundit
670 3166 680 3222 ;
703 3140 819 3209 deinde
841 3155 899 3226 per
934 3138 1102 3206 intervalla
1128 3146 1262 3207 aetatum

309 3249 489 3318 intellectus
524 3249 701 3318 secundum
725 3249 881 3316 actionem
915 3247 1038 3326 crescit,
1066 3254 1098 3316 et
1120 3247 1260 3315 voluntas
1368 3295 1369 3308 ,

310 3365 467 3437 moretur,
491 3365 523 3426 et
546 3357 699 3426 memoria
723 3355 807 3442 riget
822 3355 914 3443 quasi
934 3354 1103 3441 requirens
1118 3362 1260 3422 ornatum

310 3463 370 3532 sibi
395 3469 637 3551 competentem.
1100 3479 1107 3496 ·

382 3583 392 3616 ¹
411 3584 465 3641 Cir.
482 3587 546 3640 Gen.
565 3600 623 3653 cap.
643 3587 667 3641 t.
686 3594 712 3641 et
730 3587 756 3640 2.
