2738 4316
271 253 312 300 DE
335 251 560 302 compositione
583 253 713 303 HOMINIS
738 253 927 302 uxueutonts.
1064 237 1083 300 9

112 360 302 446 corriperis,
326 359 409 427 sicut
432 360 541 440 Adam,
565 360 619 445 qui
645 359 765 427 retudit
787 359 915 445 cuipam
933 359 963 425 in
982 359 1084 426 Deum

111 468 227 534 dicens
241 467 270 531 ¹:
296 465 429 545 Mulier,
453 485 556 555 quom
572 465 694 534 dedisti
714 463 811 544 mitt,
828 466 953 552 decepit
976 465 1083 530 mesi

112 574 153 641 de
180 573 315 641 consilio
339 573 554 659 interrogatus
585 573 694 651 tueris,
726 572 826 640 libere
856 582 888 639 et
920 571 1084 638 humiliter

112 681 167 748 dic
191 681 278 768 quod
306 680 360 747 tibi
386 681 514 747 videtur
538 681 701 766 expedire.
720 681 750 746 Si
774 686 881 748 autem
905 687 996 746 tuum
1013 697 1084 746 con·

112 788 225 854 sitium
253 806 313 853 non
339 787 525 873 requiritur,
550 787 677 853 nonsit
708 787 762 854 tibi
788 803 885 853 curae
913 804 970 852 uec
1006 785 1084 853 reiis

111 894 323 980 pertinaciter
340 893 511 961 defendere
535 893 723 960 sententiam
741 900 847 971 tnam;
872 909 944 958 nant
966 890 1083 960 sufficit

112 1001 172 1066 tibi
198 1001 390 1068 satisfecisse
414 1001 624 1068 eonscientiae
648 1006 731 1066 tuae.

207 1110 241 1174 t.
265 1107 297 1172 ln
322 1107 578 1174 accusationibus
602 1125 663 1173 non
687 1107 730 1174 sis
746 1105 873 1186 anxius,
890 1106 940 1172 dio
958 1113 1080 1173 tantum

112 1216 202 1302 quod
221 1215 285 1282 scis
305 1215 423 1282 iactum
441 1222 551 1282 contra
567 1214 721 1281 rationem
738 1221 771 1281 et
785 1212 914 1281 Ordinis
930 1213 1083 1291 instituta,

112 1330 146 1390 et
170 1323 225 1390 dic
249 1322 317 1390 sine
340 1321 413 1389 odio
445 1321 580 1388 aticuius
610 1329 642 1388 et
672 1338 745 1388 cum
772 1320 879 1388 verbis
908 1321 1082 1388 mansuetis

113 1439 145 1496 et
171 1428 300 1514 placido
324 1430 434 1508 ruttu3
458 1438 489 1495 et
505 1427 597 1514 'quod
624 1429 726 1495 nescis
742 1445 803 1493 non
822 1427 939 1495 teneris
963 1426 1081 1492 dicere.

114 1534 185 1601 Noli
211 1535 372 1621 opinando
395 1535 533 1621 atquem
559 1552 722 1614 accusare,
753 1533 828 1620 qnia
852 1532 957 1618 opinio
989 1549 1083 1617 saepe

113 1642 207 1709 tatiit.
234 1641 298 1722 iiie,
322 1643 375 1728 qui
401 1642 484 1710 dixit
509 1642 562 1709 tibi
589 1642 674 1728 quod
699 1639 873 1720 nesciebas,
897 1639 981 1707 dicet
1005 1640 1082 1724 ipse,

115 1749 141 1816 si
168 1767 284 1817 rerum
310 1757 357 1816 est
381 1757 412 1816 et
434 1749 459 1816 si
477 1767 629 1835 praesens
652 1749 731 1826 erit;
756 1749 781 1816 si
798 1755 906 1816 autem
931 1763 1082 1833 praesens

113 1875 179 1922 non
204 1856 311 1935 tuerit,
337 1865 412 1923 tunc
434 1863 466 1923 et
489 1865 524 1923 tu
550 1875 611 1922 non
635 1873 745 1942 posses
768 1855 905 1941 probare
941 1871 1082 1932 causam,

114 1963 210 2030 eitius
228 1970 339 2030 testem
360 1981 420 2029 non
445 1947 554 2030 babes.
572 1999 614 2012 -
631 1961 697 2029 Non
722 1964 865 2047 graveris
882 1980 941 2047 pro
956 1978 1083 2028 accusa·

116 2069 259 2135 tionibus
283 2070 357 2148 tuis,
373 2069 427 2135 sed
446 2077 569 2136 tantum
588 2069 638 2136 dic
654 2068 820 2136 humiliter
836 2067 963 2153 cuipam
982 2075 1081 2146 tuam,

116 2175 189 2242 ticet
214 2192 348 2260 magnae
372 2176 435 2242 sint
459 2175 508 2242 vet
533 2193 661 2261 parvae,
678 2175 753 2261 quia
770 2174 870 2241 maior
894 2175 950 2241 tibi
972 2180 1082 2259 surget

114 2282 271 2360 contusio,
294 2282 318 2348 si
345 2282 521 2366 procaciter
545 2290 576 2347 te
596 2298 742 2360 excuses,
759 2268 855 2365 quam
874 2280 898 2347 si
917 2279 1081 2346 humiliter

114 2388 332 2456 confundaris.
368 2388 398 2453 Si
423 2406 500 2455 rero
531 2405 645 2472 graves
675 2394 781 2455 essent
815 2397 846 2455 et
878 2405 940 2453 non
977 2405 1081 2466 verae,

116 2495 259 2561 maxime
283 2511 364 2580 quae
389 2503 518 2580 possent
541 2493 621 2560 aiios
644 2493 870 2574 scandalizare,
887 2501 962 2560 tunc
979 2494 1081 2560 bumi-

116 2599 199 2680 titer,
224 2599 322 2686 petita
347 2600 472 2667 tieentia
495 2601 544 2666 vel
569 2599 741 2678 attdientia,
766 2599 870 2667 indica
892 2601 938 2667 eis
969 2599 1080 2685 paucis

117 2705 225 2772 verbis
249 2713 280 2771 et
305 2705 466 2783 modestia,
498 2706 583 2792 qnod
609 2725 671 2772 non
703 2707 746 2772 sis
769 2706 825 2773 tibi
850 2708 1005 2784 consciae,
1040 2705 1082 2772 de

117 2813 235 2898 quibus
259 2813 429 2880 accusaris.
454 2813 573 2880 Servus
599 2813 652 2879 Dei
678 2830 740 2878 non
757 2812 845 2879 timet
862 2811 1079 2879 contusionem

117 2937 223 2986 coram
250 2919 443 2999 bominibus,
475 2921 530 2986 ubi
555 2937 628 2987 eum
662 2937 767 2986 coram
793 2920 858 2987 Deo
889 2918 1080 2986 conscientia

116 3041 178 3090 non
202 3029 342 3103 accusat,
366 3024 422 3090 sed
447 3024 583 3091 sustinet
606 3026 772 3108 patienter,
804 3023 961 3110 quidquid
994 3022 1080 3089 Dotis

119 3131 257 3198 notuerit
279 3147 352 3197 eum
379 3132 546 3198 sustinere.

207 3237 237 3304 3.
262 3237 439 3305 consuesce
472 3237 602 3325 ubique,
634 3237 712 3304 dnm
741 3257 760 3304 a
788 3239 953 3324 superiore
985 3237 1080 3305 corri-

121 3395 198 3465 Vat.],
217 3395 272 3452 nebi
283 3397 362 3452 cuim
373 3397 439 3452 utite
456 3398 501 3465 sit,
523 3401 548 3452 et
566 3397 616 3454 troc
635 3395 774 3452 humiliter
792 3400 819 3451 et
835 3400 975 3453 mansuete
983 3417 996 3464 ‚·
1022 3397 1080 3453 cnt-

118 3497 181 3552 pum
199 3483 338 3542 humiliter
356 3485 408 3541 die.

189 3574 199 3606 ¹
218 3577 312 3630 Genes.
333 3578 356 3642 3,
378 3577 420 3630 tn.
439 3581 464 3629 et
484 3577 527 3629 ta.
