2792 4318
256 467 493 549 EPISTOLA
521 469 714 548 ALTERA
741 468 993 549 AUCTORIS.
1100 587 1103 592 Ι

232 789 360 858 llilectis
383 789 417 856 in
451 789 577 857 Christo
614 789 684 858 lesu
708 789 882 870 Fratribus,
906 787 1006 856 Fratri
1039 787 1107 856 Ber·

138 895 252 963 tholdo
276 902 308 964 et
332 896 482 964 omnibns
505 895 633 964 novitiis
656 902 688 964 et
711 895 802 963 novis
826 895 1013 963 Balisbonac
1046 912 1109 962 mo

139 999 300 1080 rantibus,
326 999 433 1068 Frater
457 1000 569 1068 David.
592 1000 674 1068 Bene
699 1000 909 1084 proficerem
934 1001 985 1067 via
1003 999 1057 1067 Dei
1076 1005 1109 1068 et

141 1125 270 1193 semper
293 1125 437 1176 crescere
460 1107 492 1174 in
517 1108 691 1178 uirtutibus
714 1116 745 1176 et
768 1108 870 1193 gratia
893 1107 1061 1194 spirituali.

230 1215 317 1283 Licet
339 1215 454 1283 absens
478 1216 538 1283 sim
562 1235 581 1282 a
607 1214 697 1282 vobis
720 1233 864 1300 corpore,
881 1224 985 1282 tamen
1010 1214 1107 1282 corde

140 1340 236 1408 saepe
260 1321 426 1390 vobiscum
451 1329 482 1390 et
505 1322 683 1403 dilectione,
705 1333 828 1409 optans,
845 1340 902 1389 ros
918 1323 961 1388 ita
978 1321 1107 1388 fundari

141 1429 174 1495 in
197 1429 336 1496 novitate
361 1429 443 1495 vitae
466 1436 603 1509 sanotae,
639 1429 724 1517 qnod
758 1429 797 1496 sit
821 1429 898 1494 milri
925 1435 1013 1495 certa
1034 1446 1107 1513 spes

140 1535 182 1602 de
204 1535 479 1602 consummatione
501 1535 651 1621 perlecta.
675 1534 754 1604 Volo
778 1535 882 1622 primo
899 1535 1054 1616 omnium,
1070 1542 1108 1602 nt

140 1640 228 1708 illius
254 1640 427 1708 voluntatis
461 1641 568 1708 fervor
599 1642 630 1708 in
655 1641 746 1709 vobis
769 1648 965 1726 perseveret,
987 1640 1042 1726 qni
1066 1639 1106 1707 de

140 1747 270 1821 maculo
304 1765 360 1814 vos
395 1747 434 1813 ad
467 1747 611 1814 scholam
646 1747 815 1833 Religionis
845 1747 997 1825 attraxit;
1021 1746 1106 1832 qnia,

139 1854 223 1921 sicut
247 1853 305 1920 diu
335 1853 376 1920 ad
406 1843 640 1922 aedificandum
675 1872 882 1940 praeparasse
914 1861 1041 1921 sumtus
1075 1859 1107 1920 et

140 1967 286 2045 tempore
309 1967 490 2046 opportnno
521 1967 648 2048 torpere
676 1961 740 2028 otio
763 1969 794 2028 et
819 1970 946 2048 tempus
970 1961 1106 2047 perdere

140 2075 172 2135 et
194 2085 355 2153 expensas
378 2085 512 2152 magnae
536 2068 744 2154 negligentiae
768 2068 863 2156 cnlpa
887 2076 935 2136 est
965 2076 997 2134 et
1024 2067 1106 2135 indi-

139 2173 226 2241 cium
250 2173 445 2254 dementiae3
475 2173 520 2242 sic
551 2182 582 2242 et
614 2175 811 2262 propositum
846 2175 997 2243 habuisse
1025 2174 1106 2242 hene

139 2279 281 2360 vivendi,
305 2288 336 2348 et
359 2281 454 2348 modo
486 2282 517 2348 in
543 2281 700 2367 Religione
732 2283 874 2350 desidem
909 2299 989 2361 esse,
1024 2299 1106 2348 com·

138 2386 237 2454 moda
261 2386 366 2453 carnis
389 2403 546 2471 quaerere
568 2393 599 2454 ct
615 2387 764 2473 propriae
780 2387 953 2455 volontatis
973 2387 1105 2465 loculos,

138 2510 221 2579 quos
246 2511 305 2578 pro
327 2492 453 2561 Christo
488 2493 720 2579 resignaveras,
743 2495 939 2580 recolligere,
962 2493 1106 2562 conlusio

139 2608 189 2667 est
204 2606 236 2666 et
256 2600 507 2686 irrecuperabile
523 2600 761 2669 detrimentum.
782 2637 823 2650 -—
839 2601 987 2670 Studium
1012 2618 1106 2669 verae
1129 2623 1132 2628 ¹

140 2705 311 2791 Religionis
335 2707 419 2774 circa
442 2707 508 2796 dno
533 2707 673 2776 maxime
697 2716 855 2788 versatur,
879 2708 964 2776 circa
980 2707 1105 2775 enerci-

140 2811 225 2878 tium
241 2811 379 2880 virtutis
394 2821 426 2880 et
441 2810 596 2901 affectum
613 2813 764 2881 internae
785 2814 974 2881 devotionis.
1001 2814 1105 2881 Unum

140 2927 263 3006 spectat
285 2919 325 2986 ad
350 2920 447 2988 vitam
471 2920 619 3000 activam,
642 2919 779 2987 altorum
796 2921 837 2988 ad
854 2921 951 2988 vitam
969 2927 1107 2988 contem·

140 3025 305 3114 platinam.
332 3027 393 3094 llae
417 3032 491 3094 sunt
515 3027 598 3094 duae
628 3043 749 3094 rrxores
779 3026 892 3095 lacon:
916 3027 971 3094 Lia
1002 3026 1107 3092 secun-

139 3133 212 3200 dior
236 3140 268 3200 et
290 3133 405 3202 Rachm
431 3134 583 3219 pulcrior,
606 3133 682 3220 quia
717 3134 811 3220 plora
842 3139 918 3200 sunt
952 3131 1106 3200 exercitia

140 3239 280 3318 virtutis,
304 3239 361 3308 sed
384 3242 513 3308 suavior
536 3248 585 3308 est
608 3240 805 3327 experientia
829 3238 1015 3307 devotionis.

230 3347 294 3414 Sex
317 3345 402 3414 enim
426 3347 508 3416 lilios
538 3348 592 3416 lia
627 3348 745 3434 gennit,
769 3347 823 3432 qui
857 3346 1025 3432 designant
1046 3365 1104 3415 sex

139 3455 301 3526 actionum
326 3456 457 3540 gradus,
481 3455 655 3542 inquibus
686 3455 790 3522 honus
817 3455 913 3522 homo
937 3454 1105 3540 religiosus

139 3577 175 3628 se
198 3560 315 3647 ingiter
341 3561 436 3630 debet
467 3577 630 3630 exercere.
663 3559 923 3648 Primusopera
947 3557 1106 3645 poeniten·
