2742 4320
312 262 353 310 ou
376 263 419 310 vn
441 262 654 313 raucossmus.
680 263 853 314 unocussus
876 265 928 313 vu.
1027 247 1091 316 329

124 367 223 455 Ignis
246 367 282 434 to
305 366 415 435 ultum
435 386 506 433 meo
528 387 658 455 semper
681 368 824 449 ardebit,
847 389 944 458 quem
967 370 1094 438 outrid

126 475 299 555 sacerdon
323 474 504 543 subiiciens
527 496 626 544 morie
650 476 743 564 ligna
757 497 818 563 per
833 477 985 566 singulos
1009 476 1091 556 dier,

126 582 285 668 imposito
308 582 449 668 desuper
473 580 676 650 dolorumto.
699 583 794 671 Ignis
818 584 877 650 isto
900 591 949 651 est
982 600 1094 670 perpe-

126 697 215 770 tuus,
239 689 293 775 qui
319 707 482 777 nunquam
507 689 632 758 deficiet
658 691 688 757 in
713 689 817 758 altari.
846 690 893 756 Tu
917 707 1004 776 ergo,
1036 690 1091 758 Dei

126 795 289 875 sacerdos,
313 796 343 862 id
368 803 416 862 est
439 796 539 864 sacris
562 796 701 877 deditus,
717 815 790 864 oum
815 814 873 883 por
897 804 1019 864 noctem
1037 813 1092 864 oe·

36 947 43 953 -
127 902 297 988 gligeutiae
321 902 583 988 deprehenderis,
608 903 712 988 iguem
737 902 914 972 devolionis
937 903 969 970 in
997 902 1090 970 altari

127 1010 236 1078 cordis
259 1009 304 1076 tui
331 1011 481 1096 tepuisse,
505 1029 615 1088 moue,
639 1011 670 1078 id
696 1019 744 1080 est
777 1019 953 1099 apparente
987 1011 1092 1098 prima

129 1116 211 1184 lucis
234 1116 402 1202 agnitione,
426 1116 552 1184 subiise
574 1117 668 1204 ligno
691 1118 854 1196 orationis,
885 1118 1022 1186 dirersis
1045 1135 1096 1186 oe·

129 1223 311 1290 casirmibus
335 1223 426 1310 quasi
450 1223 670 1292 adiacentibus
694 1232 767 1291 nata
790 1224 879 1292 silvis
899 1232 931 1291 ot
953 1224 1095 1292 collecta.

219 1333 249 1396 i.
274 1331 385 1415 llagna
408 1331 488 1397 silra
511 1339 543 1398 et
566 1331 695 1399 abunde
720 1331 804 1416 ligna
823 1331 1093 1418 supplicationum

128 1435 314 1504 ministrans
337 1445 413 1504 sunt
438 1445 565 1523 peccata
590 1439 720 1524 propria
744 1439 929 1525 quotidiana
963 1447 995 1505 et
1018 1438 1095 1505 anti·

128 1561 210 1630 qua3
235 1563 348 1629 magna
373 1545 463 1622 silva,
477 1545 686 1631 negligentiae
709 1553 836 1614 nostrae
853 1554 884 1614 et
900 1545 1047 1612 miseriae
1062 1550 1095 1612 et

128 1649 272 1718 deiectus
297 1652 452 1718 virtutum
476 1659 508 1718 et
531 1653 708 1736 gratiarum
736 1659 768 1719 et
792 1651 868 1718 uitio
904 1660 967 1719 tam
1004 1651 1095 1736 spiri·

129 1757 229 1823 tualia
252 1775 348 1843 quam
373 1757 522 1825 carnalia*
536 1766 568 1825 et
591 1758 779 1826 tentationes
801 1766 835 1825 et
851 1758 929 1825 varii
950 1765 1094 1838 euentus

128 1862 249 1950 quilius
272 1865 450 1948 pulsamur,
473 1873 505 1932 et
538 1865 750 1943 incommoda,
774 1882 856 1952 quae
891 1865 1032 1950 patimur
1062 1871 1094 1931 et

130 1969 280 2036 timemus
311 1977 343 2036 et
374 1989 432 2055 pro
463 1970 582 2057 quibus
613 1971 771 2051 dolemus,
807 1979 871 2038 tam
907 1988 966 2055 pro
1002 1968 1093 2036 nobis

129 2093 225 2162 quam
251 2095 310 2162 pro
332 2077 413 2156 aliis,
437 2095 575 2162 quorum
602 2077 737 2146 miseriis
768 2077 981 2164 compatimur
990 2102 999 2158 3
1031 2094 1094 2144 ma·

129 2202 209 2270 gnae
221 2184 320 2251 silvae
336 2193 411 2252 sunt
426 2185 543 2264 omnia,
559 2203 641 2272 quae
657 2184 880 2253 desideramus
893 2184 1022 2263 habere,
1033 2202 1093 2269 pro

129 2288 249 2374 quibus
272 2308 414 2371 oramus,
438 2300 474 2358 ul
498 2291 707 2376 impetremus
716 2316 725 2370 ;
749 2290 895 2358 similiter
912 2289 1018 2356 omnia
1042 2289 1093 2356 be·

129 2395 243 2464 nefioia
266 2397 357 2465 nobis
380 2397 504 2478 collata,
529 2416 586 2482 pro
610 2397 729 2483 quibus
751 2398 870 2482 gratias
885 2413 980 2481 agere
997 2394 1093 2463 debe·

130 2522 213 2572 mus.
230 2505 318 2584 llem,
332 2523 396 2591 pro
412 2501 579 2591 defunctis
601 2522 756 2584 odorare,
773 2513 811 2570 ut
826 2501 1008 2589 upcccotis
1027 2499 1092 2568 sol-

129 2617 256 2678 vuntur
273 2613 298 2689 ¹,
322 2618 353 2678 et
377 2630 436 2697 pro
459 2611 560 2696 gloria
576 2612 762 2678 Sanctorum
784 2610 884 2677 Deum
908 2607 1092 2676 collaudare

130 2718 265 2785 multam
298 2718 475 2785 devotionis
506 2719 672 2785 materiam
705 2717 796 2804 quasi
827 2715 973 2802 perpetui
1010 2713 1093 2799 ignis

129 2825 326 2892 nutrimenta
350 2825 607 2910 ministratum
642 2824 834 2910 superpositi
869 2823 976 2908 operis
1004 2820 1093 2889 tiolo-

130 2938 287 2996 caustum
311 2931 444 2998 odorem
469 2930 583 2998 reddat
605 2929 821 2998 souoitotiu’.
847 2929 983 2998 Allectus
1006 2928 1091 2995 euim

128 3038 249 3104 amoris
273 3038 328 3104 Dei
352 3045 384 3105 ot
406 3038 505 3105 sancti
531 3039 654 3105 timoris
678 3056 752 3106 cum
777 3037 902 3104 terrore
922 3036 1023 3103 nouae
1040 3053 1092 3102 vo·

130 3142 272 3224 luntatis,
297 3144 327 3210 iu
352 3143 467 3228 spiritu
491 3144 683 3212 humilitatis
717 3152 749 3212 et
781 3152 869 3211 motu
901 3142 1026 3230 pietatis
1060 3149 1093 3209 et

130 3248 248 3335 gaudio
271 3250 336 3335 spei
361 3269 525 3337 nunquam
550 3250 646 3318 debet
675 3250 705 3316 in
730 3250 826 3318 corde
851 3249 934 3318 ser-ri
960 3248 1014 3315 Dei
1039 3265 1094 3315 ex·

131 3355 260 3442 stingui.
285 3357 343 3424 lsta
370 3375 508 3444 namque
532 3364 607 3424 sunt
633 3358 661 3423 in
686 3356 805 3443 quibus
830 3357 932 3423 virtus
955 3356 1093 3422 devotio

129 3461 179 3530 nis
203 3464 344 3532 maxime
367 3465 518 3532 consistit.
544 3465 675 3549 Semper
699 3463 793 3531 otiam
811 3463 906 3530 debet
922 3480 1012 3529 mens
1029 3462 1093 3529 Deo

202 3587 210 3621 ¹
233 3587 260 3642 u.
279 3590 360 3643 naen.
382 3590 424 3655 rs,
444 3588 489 3642 to.
672 3587 755 3644 ’cn
774 3587 854 3642 arou.
874 3591 917 3656 ao,
940 3589 983 3643 n.
