2792 4318
331 255 393 319 lto
572 300 576 306 -
663 273 752 320 mum
776 273 948 322 sacuuuus

328 395 401 445 uem
425 378 465 445 ad
490 379 655 446 sanitatem
688 380 811 460 mentis,
834 380 992 466 quaedam
1018 381 1142 448 tardius
1161 389 1187 447 et
1206 380 1254 444 lm·
1346 429 1349 452 ,=

324 482 518 572 perfectius.

638 662 820 730 Carnutum
845 664 972 733 XXlllll.

428 837 629 928 Efficacioru
651 841 800 907 remedia
823 851 942 909 eontra
967 842 1080 909 umnr'u
1101 841 1177 908 villu

689 956 769 1014 suut
789 956 920 1034 sepum.

418 1127 445 1190 l.
472 1123 651 1191 Efficaciora
674 1127 816 1193 remedia
837 1135 948 1194 eontra
975 1125 1081 1194 omnia
1106 1125 1176 1193 vitia
1199 1131 1260 1192 suut
1353 1103 1355 1112 ¹

327 1231 395 1298 ista.
414 1231 553 1297 Primum
577 1239 625 1299 est
646 1243 842 1320 paupertas,
866 1242 903 1301 ut
926 1235 957 1299 iu
981 1235 1129 1301 omuibus
1150 1231 1260 1320 patiaris

325 1340 502 1425 penuriam,
519 1358 580 1405 uun
605 1340 708 1408 sulum
726 1342 756 1408 iu
774 1341 834 1420 his,
850 1359 932 1429 quae
948 1342 1121 1423 desideras,
1136 1341 1203 1428 qula
1215 1339 1261 1406 illa

326 1454 373 1513 est
396 1447 549 1525 omnium,
573 1448 667 1515 eliam
692 1449 932 1529 ditissimorum,
956 1450 1010 1535 qui
1044 1450 1116 1536 plus
1138 1448 1261 1536 eupiunt,

327 1571 423 1640 quam
457 1554 593 1630 labeum
616 1556 670 1622 sed
701 1556 866 1640 penuriam
899 1555 993 1623 etiam
1026 1557 1057 1623 iu
1080 1557 1140 1636 his,
1161 1554 1262 1642 quilius

325 1659 502 1726 necessario
524 1659 663 1746 indiges:
688 1661 718 1726 iu
743 1660 840 1740 victu,
864 1659 991 1742 uestitu,
1015 1661 1160 1747 hospitio,
1189 1657 1262 1727 miul-

326 1765 400 1833 stris
423 1773 454 1832 et
478 1766 643 1833 similibus.

414 1874 444 1938 2.
468 1873 648 1939 Secundum
683 1881 730 1940 est
765 1873 924 1960 despectio
956 1870 1140 1953 luminum,
1167 1880 1200 1940 ul
1228 1871 1264 1938 sis

325 1985 523 2065 conlemptus
547 1987 578 2045 et
601 1978 806 2063 vilipendatis
826 1987 857 2046 et
881 1998 942 2046 non
958 1981 1084 2047 cureris
1099 1988 1131 2047 el
1146 1980 1175 2046 iu
1191 1975 1264 2045 nullu

325 2084 528 2169 singulariter
552 2086 717 2153 honoreris
735 2088 757 2164 ¹,
782 2087 837 2154 sed
862 2087 967 2171 potius
990 2089 1203 2168 confundaris,
1222 2103 1266 2152 ex·

326 2192 489 2278 promeris
513 2200 544 2259 et
567 2193 767 2278 vitupereris,
791 2202 823 2261 et
846 2195 907 2261 huc
922 2211 1016 2282 saepe
1031 2195 1127 2262 etiam
1151 2195 1190 2262 ab
1205 2191 1266 2260 ami·

325 2297 379 2376 cis,
404 2297 503 2365 donee
527 2306 634 2364 tumor
656 2299 799 2366 elationis
834 2299 960 2385 penitus
983 2299 1015 2366 iu
1039 2309 1070 2368 te
1094 2300 1265 2386 comprima·

324 2411 395 2483 tur;
420 2407 505 2473 unde
531 2407 629 2486 vides,
653 2415 771 2492 quauta
788 2408 921 2475 mendici
939 2407 1111 2474 tolerante
1130 2406 1266 2474 divitibus
1359 2407 1360 2426 ³

324 2518 355 2577 el
379 2530 474 2597 quam
501 2513 664 2598 patienter,
688 2514 773 2600 quod
798 2532 860 2580 non
888 2513 1039 2595 lacerent,
1062 2515 1088 2581 si
1125 2514 1263 2581 haberent

324 2616 451 2685 divilias
474 2627 505 2686 et
529 2620 674 2686 honores.

412 2725 443 2793 3.
461 2727 601 2793 tertium
626 2735 673 2794 est
688 2736 863 2794 strumum
879 2728 1125 2813 munisterium,
1142 2735 1177 2795 ut
1191 2741 1267 2810 euga-

322 2832 366 2899 ris
389 2833 492 2901 lacere
516 2834 601 2920 quod
634 2835 820 2903 invitissima
842 2834 929 2914 lacis,
952 2841 985 2901 et
1009 2835 1169 2903 dimittere
1191 2829 1265 2921 quud

324 2939 456 3008 libenter
480 2940 609 3019 laceres,
640 2949 671 3008 et
695 2941 773 3008 nihil
805 2942 934 3021 habere,
969 2942 1029 3009 nisi
1058 2942 1144 3028 quud
1172 2941 1266 3016 datur,

322 3046 400 3113 nihil
417 3064 521 3133 agere,
537 3047 596 3113 nisi
614 3047 698 3134 quud
717 3048 855 3127 iubetur,
872 3065 929 3114 nee
947 3047 1031 3135 loqui
1056 3065 1114 3114 uec
1133 3063 1201 3116 esse
1215 3043 1267 3112 uisi

322 3154 362 3222 ad
387 3163 500 3222 nutum
525 3155 666 3234 alterius,
691 3162 723 3222 et
749 3153 829 3221 nihil
860 3155 1090 3235 dissimuletur,
1122 3149 1266 3242 quidquid

321 3261 464 3347 negligis
480 3262 556 3349 quiu
573 3279 684 3347 aspere
697 3261 943 3346 reprehendaris
958 3267 990 3329 et
1006 3262 1159 3348 puniaris,
1174 3260 1264 3328 douae

322 3371 461 3437 curvitas
485 3369 634 3456 propriae
657 3369 828 3436 uoluntatis
851 3369 942 3455 plene
966 3369 998 3434 in
1023 3376 1053 3436 te
1076 3369 1118 3438 ad
1142 3369 1265 3436 turmam

322 3475 521 3543 rectitudinis
543 3473 734 3544 reflectatur.

393 3615 402 3652 ¹
423 3617 470 3671 Ed.
488 3618 498 3670 l
522 3621 553 3672 ul
571 3618 608 3673 sis
626 3620 773 3684 cautulus,
793 3615 818 3674 si
841 3616 1016 3688 vilipenderit
1040 3620 1065 3672 el
1081 3616 1112 3674 lu
1130 3615 1204 3674 trullo
1221 3613 1268 3672 sit·

322 3703 456 3772 uuluriter
474 3703 623 3760 honoreris.
