2738 4316
284 185 327 250 lli
645 202 734 249 niuno
758 201 881 250 uuiuus.

373 311 403 374 2.
428 307 506 374 tuni
533 308 697 374 humiliter
713 315 744 374 et
761 307 890 392 pac-ilice
908 308 1000 386 bona,
1016 326 1099 393 quae
1115 308 1157 374 ab
1173 306 1243 373 aliis

286 416 447 495 dicuntur,
472 433 528 481 neo
553 415 681 500 disputa
706 423 826 492 eontra,
851 414 934 481 siout
958 415 1089 500 quidam
1114 415 1244 494 faciunt,

285 524 351 609 qui,
376 540 448 588 euni
473 523 610 588 audiunt
633 521 753 608 aliquid
791 522 874 615 boni,
899 539 937 587 ne
969 522 1139 587 videantur
1164 521 1247 606 iguo-

284 629 373 696 rasse
398 628 455 714 ipsi
481 629 610 707 bonum,
634 630 719 714 quod
737 629 834 694 ⁴alten
866 628 1041 713 proposuit,
1074 628 1180 694 statim
1207 628 1246 694 de

285 736 345 802 hoo
370 735 481 801 volunt
513 734 688 819 disputare,
713 744 748 800 ut
780 735 949 801 videantur
977 735 1071 800 etiam
1098 735 1157 819 ipsi
1193 734 1248 800 ali·

285 843 361 929 quid
387 842 460 909 intle
484 843 575 909 suine.
600 842 664 908 Non
689 843 773 908 enim
798 848 958 928 quaenunt
982 842 1031 906 sui
1057 839 1248 907 aedificatio

283 967 367 1029 neni,
391 950 446 1017 sed
472 950 712 1016 ostentationem
737 949 823 1034 apud
847 947 937 1028 alios,
961 958 993 1014 et
1028 948 1100 1014 ideo
1125 947 1246 1014 inultae

284 1057 385 1123 bonae
409 1057 591 1124 collationes
626 1057 707 1123 iuter
740 1056 910 1141 Religiosos
933 1057 1153 1141 negliguntur.
1177 1055 1245 1122 Noli

283 1180 353 1230 esse
377 1165 591 1231 contentiosus
615 1164 645 1228 in
682 1164 798 1249 aliquo.
830 1163 898 1228 Cito
921 1164 1008 1242 cede,
1031 1164 1118 1248 quia
1142 1163 1168 1228 si
1194 1162 1247 1228 bo·

284 1288 360 1335 nuin
386 1275 433 1335 est
457 1278 488 1336 et
512 1288 635 1349 venum,
660 1270 746 1357 quod
771 1268 851 1336 alter
883 1270 1040 1354 proponit,
1066 1277 1157 1337 tuurn
1184 1286 1246 1334 non

283 1382 331 1442 est
356 1376 503 1442 resistere
528 1383 658 1462 propter
682 1375 821 1460 aliquam
854 1375 1114 1454 ostentationem
1138 1375 1163 1440 si
1189 1393 1247 1440 au-

283 1488 433 1548 lemnon
469 1491 551 1548 esset
587 1481 855 1560 bonunn‚n1elius
890 1488 939 1547 est
973 1481 1134 1566 corrigere
1170 1498 1246 1547 eum

283 1587 413 1672 pacifice
444 1589 639 1655 advertendo
674 1597 706 1654 et
741 1587 904 1652 humiliter
940 1589 969 1653 ei
993 1588 1160 1654 veritatem
1191 1587 1247 1654 de·
1349 1605 1350 1608 ’

285 1695 492 1761 monstrando
516 1713 610 1780 quani
635 1695 752 1762 aeriter
775 1694 959 1761 astruendo.

374 1800 402 1867 3.
428 1802 507 1868 Cum
527 1803 675 1888 loquella
693 1819 768 1868 noue
787 1802 921 1868 remissa
944 1809 975 1868 et
999 1800 1091 1867 vultu
1109 1801 1248 1886 placido,

284 1908 427 1974 nonninus
440 1909 659 1993 disciplinatus
675 1917 706 1975 et
722 1910 849 1995 quietus
865 1925 935 1974 esse
951 1909 1091 1988 studeaS,
1108 1915 1141 1974 et
1156 1908 1250 1994 quid·

164 2033 166 2040 ·
283 2014 359 2101 quid
386 2025 461 2082 tuno
486 2015 625 2101 loqueris
651 2016 750 2099 inagis
773 2014 992 2082 authenticum
1017 2023 1048 2081 et
1072 2015 1151 2082 utile
1176 2015 1249 2080 erit.

283 2121 348 2187 Non
373 2123 417 2188 sis
440 2123 546 2188 audax
573 2140 680 2189 eonem
704 2122 883 2188 senioribus
908 2122 981 2201 luia
1006 2121 1060 2188 sed
1095 2139 1249 2188 verecun-

286 2229 348 2295 dus
371 2230 566 2296 auscultator
590 2230 752 2296 doctrinae
768 2247 890 2295 eorum.
909 2229 1075 2295 seniorum
1093 2236 1141 2296 est
1157 2229 1247 2295 enim

283 2335 407 2416 dooere,
432 2336 584 2402 iuveuuni
609 2344 716 2402 auten]
742 2335 905 2403 humiliter
930 2336 1062 2402 discere.

621 2549 804 2616 Cuntnuuuu
829 2548 902 2615 XlX.

610 2763 655 2827 De
677 2762 742 2828 otio
765 2761 919 2828 cavendo.

371 2975 437 3041 Noli
463 2975 583 3042 otiosus
607 2975 718 3042 sedere
750 2984 781 3042 et
813 2975 977 3041 intendere
1001 2974 1190 3040 rumoribus
1216 2983 1250 3041 et

282 3082 410 3163 fabuliS,
433 3081 508 3169 quia
532 3082 654 3168 duplex
680 3083 709 3146 in
743 3081 802 3148 hoe
828 3080 947 3146 malum
973 3080 1151 3148 contrahis:
1178 3098 1251 3167 per·

283 3188 332 3256 dis
356 3191 439 3255 onim
465 3197 591 3274 teinpus
624 3187 787 3267 inutiliter,
812 3195 843 3254 et
880 3187 1091 3254 verecundiae
1116 3196 1192 3255 tuae
1216 3195 1251 3256 et

283 3293 471 3362 humilitatis
501 3294 629 3378 patieris
660 3281 887 3360 detrimentum
907 3276 962 3359 'ex
992 3293 1045 3359 tali
1077 3303 1249 3361 eonsuetu-

282 3399 366 3465 dine.
383 3399 515 3486 iusuper
538 3421 599 3468 non
625 3402 743 3468 bonum
769 3401 861 3468 dabis
889 3419 928 3468 ex
956 3401 1015 3468 hoc
1039 3400 1110 3467 aliis
1139 3419 1251 3469 exem-

282 3505 382 3592 plum.
