2742 4320
305 241 346 288 nn
368 240 411 288 vn
435 239 648 288 nnocnssrnus.
671 238 843 289 anoerssus
867 242 918 288 vn.
1029 223 1092 292 369

132 355 164 415 et
187 346 273 433 quod
296 363 359 413 non
383 344 507 430 placeat
532 343 606 422 Deo,
629 350 666 411 ut
689 343 734 412 sio
751 344 870 430 indigni
895 354 927 414 et
955 346 1092 414 indevoti

130 454 173 521 ad
198 470 323 520 sarram
347 451 604 520 communionem
629 451 791 532 accedant,
819 453 918 521 etsie
943 471 1037 540 saepe
1060 471 1095 521 se

130 561 329 629 subtrahunt
351 577 371 625 a
386 558 457 626 elbo
481 557 564 624 vitae
580 565 610 624 et
626 557 783 624 medicina
799 558 920 626 salutis.
938 560 998 626 Sed
1019 577 1093 626 oum

130 667 253 736 homini
278 667 434 734 incertum
452 664 502 743 sit,
520 683 558 731 an
582 664 628 732 sit
643 663 767 750 dignus
790 683 906 732 amore
927 665 978 732 vel
997 666 1094 734 odio¹

130 774 309 844 secundum
335 790 494 860 supernae
518 771 673 839 rationem
690 771 916 858 dispositionis,
932 779 964 840 et
980 773 1095 842 merila

130 881 334 968 singulorum
358 880 416 947 soli
441 880 506 948 Deo
530 879 593 964 sint
615 885 707 957 nota;
732 880 756 945 si
781 897 843 946 non
862 896 1033 965 possumus
1049 898 1096 948 se·

130 988 275 1057 cundum
300 988 465 1054 veritatem
490 986 606 1070 cuique
630 985 807 1065 consulere,
830 985 908 1071 quid
924 987 1042 1054 sentire
1059 987 1092 1053 in

129 1093 317 1162 huiusmodi
341 1092 457 1160 debeat
486 1100 519 1160 et
552 1091 667 1170 lauare,
701 1109 874 1178 possumus
903 1100 1009 1161 tamen
1045 1112 1094 1162 se-

130 1201 273 1270 eundum
306 1200 506 1266 coniecturas
536 1198 661 1285 aliquas
689 1199 838 1283 colligere
862 1201 1011 1279 rationes,
1035 1219 1094 1269 eur

129 1308 217 1376 Deus
253 1315 328 1374 tuno
363 1306 532 1374 subtrahat
563 1305 654 1373 bonis
677 1313 709 1373 et
732 1306 884 1374 ‘studiosis
919 1307 1094 1376 dovotionis

130 1415 277 1502 gratiam,
301 1432 374 1482 oum
399 1430 470 1482 eam
495 1412 645 1480 libentius
680 1413 835 1482 haberent
869 1422 901 1482 et
925 1414 1093 1482 instantius

130 1529 308 1608 quaerunt;
324 1529 356 1588 et
374 1528 509 1607 possunt
532 1521 674 1608 quinque
690 1537 789 1606 super
812 1521 873 1588 hoo
890 1521 1028 1589 rationes
1044 1539 1094 1589 as-

131 1629 261 1714 signari.

221 1735 252 1802 3.
276 1735 351 1814 llna,
374 1733 577 1813 humiliatio,
601 1736 677 1820 quia
702 1734 803 1820 magis
828 1734 1016 1802 humiliatur
1041 1737 1094 1804 ho·

128 1860 194 1922 mo,
217 1859 290 1909 oum
324 1859 387 1907 non
424 1839 519 1907 habet
551 1848 627 1908 tuno
663 1840 875 1921 devotionem,
899 1859 995 1928 quam
1030 1841 1093 1909 alio

128 1957 284 2033 tempore,
308 1957 339 2016 at
363 1949 464 2034 magis
486 1948 694 2016 contunditur
717 1949 748 2015 in
772 1966 807 2016 se
831 1949 910 2036 ipso,
931 1950 1013 2017 siout
1028 1966 1094 2018 sae-

128 2053 256 2123 culares
272 2054 346 2141 plus
362 2053 613 2132 contunduntur,
630 2055 655 2121 si
674 2055 705 2120 in
730 2053 849 2122 Pascha
866 2073 929 2122 non
952 2073 1092 2123 eommu-

127 2163 246 2242 nloant,
269 2179 343 2228 oum
368 2161 498 2228 solitum
522 2167 570 2227 est
585 2163 823 2230 communicare
844 2171 977 2243 eeteros,
993 2181 1090 2250 quom

127 2276 195 2335 toto
230 2269 354 2355 reliquo
389 2276 533 2355 tempore
563 2268 648 2335 anni.
680 2305 725 2317 -
752 2270 908 2350 Secunda,
929 2269 1091 2358 purgatio

124 2377 266 2464 peceati,
290 2377 365 2463 quia
387 2376 469 2444 lorte
493 2393 550 2462 per
573 2376 635 2443 alia
658 2377 812 2444 exercitia
846 2377 953 2446 minus
976 2396 1091 2464 purga-

127 2491 183 2551 tus
205 2491 264 2564 est,
281 2483 330 2550 rel
353 2482 461 2570 aliqua
484 2482 581 2550 habet
596 2483 722 2563 delleta,
738 2501 820 2569 quae
836 2501 899 2551 non
915 2484 1044 2563 reoolit;
1061 2490 1092 2551 ot

127 2597 166 2658 ut
189 2591 305 2675 dignus
328 2589 458 2657 aooedat
481 2590 522 2657 ad
547 2590 777 2658 Eucharistiam
800 2590 994 2676 etamplius
1017 2608 1092 2675 pur·

128 2704 224 2784 getur
257 2714 277 2763 a
310 2697 458 2782 peccatis,
493 2697 525 2764 iu
559 2698 619 2763 hoo
653 2697 796 2782 punitur,
827 2697 858 2763 in
895 2714 958 2783 quo
990 2697 1091 2782 magis

128 2803 225 2885 dolet,
249 2811 368 2890 atquo
403 2803 494 2871 dolor
529 2804 667 2889 gravior,
690 2821 728 2870 eo
751 2803 899 2890 purgatio
922 2802 1089 2872 efficacior.

129 2912 166 2979 Et
190 2911 341 2992 maxime,
364 2912 440 2998 quia
463 2911 543 2978 lorte
566 2911 628 3008 alio
652 2908 795 2997 tempore
819 2911 925 2978 minus
949 2911 1090 2978 studiose

128 3019 287 3105 quaesivit
301 3019 479 3086 devotionis
494 3019 640 3104 gratiam,
657 3018 707 3085 vel
722 3018 861 3086 oblatam
879 3018 1090 3105 negligentius

128 3126 248 3211 reoepil
270 3143 329 3196 neo
363 3125 476 3211 dignas
507 3143 566 3211 pro
590 3143 628 3192 ea
662 3126 781 3210 gratias
805 3125 924 3204 retulit,
955 3125 1089 3212 punitur

127 3233 234 3312 modo,
257 3233 289 3299 in
313 3251 377 3319 quo
412 3232 564 3319 pensavit,
596 3239 632 3300 ut
654 3240 730 3300 tuno
765 3232 820 3299 illa
847 3240 953 3300 eareat
976 3233 1089 3319 gratia,

128 3357 203 3407 oum
227 3339 396 3420 desiderat,
413 3358 509 3426 quam
527 3347 600 3408 ante
623 3340 774 3426 neglexit,
798 3357 871 3408 oum
889 3340 1008 3409 hahere
1024 3347 1091 3426 pot·

128 3454 208 3528 erat,
231 3455 263 3515 et
286 3447 409 3514 cautior
432 3448 472 3515 de
496 3453 602 3515 cetero
626 3448 658 3514 in
682 3448 742 3515 hae
768 3454 859 3535 parte
875 3445 940 3515 liat.
956 3485 1000 3495 -
1017 3449 1090 3516 Ter·

201 3571 314 3627 ²Ecole.
333 3574 358 3640 9,
379 3573 403 3624 l.

984 3681 1017 3734 nl
