<?xml version="1.0" encoding="UTF-8"?>
<!DOCTYPE html PUBLIC "-//W3C//DTD XHTML 1.0 Transitional//EN"
    "http://www.w3.org/TR/xhtml1/DTD/xhtml1-transitional.dtd">
<html xmlns="http://www.w3.org/1999/xhtml" xml:lang="en" lang="en">
 <head>
  <title>
</title>
<meta http-equiv="Content-Type" content="text/html;charset=utf-8" />
  <meta name='ocr-system' content='tesseract 3.04.00' />
  <meta name='ocr-capabilities' content='ocr_page ocr_carea ocr_par ocr_line ocrx_word'/>
</head>
<body>
  <div class='ocr_page' id='page_1' title='image "./deexterioriseti00davigoog_0084.png"; bbox 0 0 2738 4316; ppageno 0'>
   <div class='ocr_carea' id='block_1_1' title="bbox 251 262 1057 331">
    <p class='ocr_par' dir='ltr' id='par_1_1' title="bbox 251 262 1057 331">
     <span class='ocr_line' id='line_1_1' title="bbox 251 262 1057 331; baseline 0.002 -3"><span class='ocrx_word' id='word_1_1' title='bbox 251 282 292 329; x_wconf 88' lang='grc'>66</span> <span class='ocrx_word' id='word_1_2' title='bbox 314 280 537 331; x_wconf 85' lang='lat' dir='ltr'>courostrrous</span> <span class='ocrx_word' id='word_1_3' title='bbox 561 279 690 329; x_wconf 84' lang='lat' dir='ltr'>uomurs</span> <span class='ocrx_word' id='word_1_4' title='bbox 713 279 905 329; x_wconf 84' lang='lat' dir='ltr'>sxrsnrcrus.</span> <span class='ocrx_word' id='word_1_5' title='bbox 1015 262 1057 330; x_wconf 82' lang='lat'>39</span> 
     </span>
    </p>
   </div>
   <div class='ocr_carea' id='block_1_2' title="bbox 428 492 738 560">
    <p class='ocr_par' dir='ltr' id='par_1_2' title="bbox 428 492 738 560">
     <span class='ocr_line' id='line_1_2' title="bbox 428 492 738 560; baseline 0.003 -2"><span class='ocrx_word' id='word_1_6' title='bbox 428 492 610 560; x_wconf 74' lang='lat' dir='ltr'>Carnutum</span> <span class='ocrx_word' id='word_1_7' title='bbox 635 493 738 560; x_wconf 88' lang='lat' dir='ltr'>XXlll.</span> 
     </span>
    </p>
   </div>
   <div class='ocr_carea' id='block_1_3' title="bbox 149 703 1007 908">
    <p class='ocr_par' dir='ltr' id='par_1_3' title="bbox 149 703 1007 908">
     <span class='ocr_line' id='line_1_3' title="bbox 149 703 1007 791; baseline 0 -19"><span class='ocrx_word' id='word_1_8' title='bbox 149 704 336 791; x_wconf 80' lang='lat' dir='ltr'>Relipiosus</span> <span class='ocrx_word' id='word_1_9' title='bbox 358 722 425 770; x_wconf 83' lang='lat' dir='ltr'>non</span> <span class='ocrx_word' id='word_1_10' title='bbox 449 703 539 772; x_wconf 78' lang='grc'><strong>6161661</strong></span> <span class='ocrx_word' id='word_1_11' title='bbox 560 703 692 771; x_wconf 84' lang='lat' dir='ltr'>vilioris</span> <span class='ocrx_word' id='word_1_12' title='bbox 715 723 783 771; x_wconf 86' lang='lat' dir='ltr'>esse</span> <span class='ocrx_word' id='word_1_13' title='bbox 806 704 1007 772; x_wconf 82' lang='lat' dir='ltr'>conditionis</span> 
     </span>
     <span class='ocr_line' id='line_1_4' title="bbox 219 809 940 908; baseline 0.001 -31"><span class='ocrx_word' id='word_1_14' title='bbox 219 811 256 877; x_wconf 83' lang='grc'>16</span> <span class='ocrx_word' id='word_1_15' title='bbox 276 829 471 898; x_wconf 81' lang='lat' dir='ltr'>propressu,</span> <span class='ocrx_word' id='word_1_16' title='bbox 495 829 597 908; x_wconf 81' lang='lat' dir='ltr'>quum</span> <span class='ocrx_word' id='word_1_17' title='bbox 621 809 691 897; x_wconf 82' lang='lat' dir='ltr'>fuit</span> <span class='ocrx_word' id='word_1_18' title='bbox 714 811 748 877; x_wconf 85' lang='grc'>16</span> <span class='ocrx_word' id='word_1_19' title='bbox 774 811 940 898; x_wconf 82' lang='lat' dir='ltr'>inpressu.</span> 
     </span>
    </p>
   </div>
   <div class='ocr_carea' id='block_1_4' title="bbox 94 1022 1067 3674">
    <p class='ocr_par' dir='ltr' id='par_1_4' title="bbox 94 1022 1064 3120">
     <span class='ocr_line' id='line_1_5' title="bbox 192 1022 1059 1112; baseline 0.005 -23"><span class='ocrx_word' id='word_1_20' title='bbox 192 1026 219 1089; x_wconf 99' lang='grc'>1.</span> <span class='ocrx_word' id='word_1_21' title='bbox 244 1023 304 1109; x_wconf 84' lang='lat' dir='ltr'>Qui</span> <span class='ocrx_word' id='word_1_22' title='bbox 328 1022 381 1090; x_wconf 90' lang='grc'><strong>1611</strong></span> <span class='ocrx_word' id='word_1_23' title='bbox 406 1024 531 1090; x_wconf 88' lang='grc'><strong>1666666</strong></span> <span class='ocrx_word' id='word_1_24' title='bbox 554 1023 595 1090; x_wconf 93' lang='lat' dir='ltr'>ad</span> <span class='ocrx_word' id='word_1_25' title='bbox 621 1024 812 1109; x_wconf 79' lang='lat' dir='ltr'>Religionem</span> <span class='ocrx_word' id='word_1_26' title='bbox 845 1023 940 1105; x_wconf 88' lang='lat' dir='ltr'>venit,</span> <span class='ocrx_word' id='word_1_27' title='bbox 972 1024 1059 1112; x_wconf 90' lang='lat' dir='ltr'>quod</span> 
     </span>
     <span class='ocr_line' id='line_1_6' title="bbox 95 1129 1061 1218; baseline 0.001 -20"><span class='ocrx_word' id='word_1_28' title='bbox 95 1149 157 1218; x_wconf 92' lang='lat' dir='ltr'>pro</span> <span class='ocrx_word' id='word_1_29' title='bbox 179 1129 340 1210; x_wconf 88' lang='lat' dir='ltr'>omnibus,</span> <span class='ocrx_word' id='word_1_30' title='bbox 363 1148 445 1215; x_wconf 83' lang='lat' dir='ltr'>quae</span> <span class='ocrx_word' id='word_1_31' title='bbox 469 1131 497 1198; x_wconf 89' lang='lat' dir='ltr'>ei</span> <span class='ocrx_word' id='word_1_32' title='bbox 522 1131 664 1198; x_wconf 90' lang='lat' dir='ltr'>muudus</span> <span class='ocrx_word' id='word_1_33' title='bbox 687 1131 874 1217; x_wconf 78' lang='lat' dir='ltr'>promittere</span> <span class='ocrx_word' id='word_1_34' title='bbox 901 1130 949 1198; x_wconf 89' lang='grc'>661</span> <span class='ocrx_word' id='word_1_35' title='bbox 982 1132 1061 1200; x_wconf 91' lang='lat' dir='ltr'>dare</span> 
     </span>
     <span class='ocr_line' id='line_1_7' title="bbox 94 1236 1062 1324; baseline 0.001 -20"><span class='ocrx_word' id='word_1_36' title='bbox 94 1237 212 1324; x_wconf 89' lang='lat' dir='ltr'>potuit,</span> <span class='ocrx_word' id='word_1_37' title='bbox 236 1236 338 1305; x_wconf 90' lang='lat' dir='ltr'>noluit</span> <span class='ocrx_word' id='word_1_38' title='bbox 361 1236 505 1304; x_wconf 88' lang='lat' dir='ltr'>damnari</span> <span class='ocrx_word' id='word_1_39' title='bbox 532 1237 563 1302; x_wconf 94' lang='grc'>16</span> <span class='ocrx_word' id='word_1_40' title='bbox 587 1237 726 1317; x_wconf 87' lang='lat' dir='ltr'>sacculo,</span> <span class='ocrx_word' id='word_1_41' title='bbox 750 1256 807 1304; x_wconf 89' lang='lat' dir='ltr'>uec</span> <span class='ocrx_word' id='word_1_42' title='bbox 838 1256 897 1324; x_wconf 91' lang='lat' dir='ltr'>pro</span> <span class='ocrx_word' id='word_1_43' title='bbox 932 1237 1062 1318; x_wconf 82' lang='lat' dir='ltr'>divitiis,</span> 
     </span>
     <span class='ocr_line' id='line_1_8' title="bbox 95 1343 1061 1430; baseline -0.002 -16"><span class='ocrx_word' id='word_1_44' title='bbox 95 1343 276 1414; x_wconf 86' lang='lat' dir='ltr'>honoribus</span> <span class='ocrx_word' id='word_1_45' title='bbox 299 1344 349 1412; x_wconf 89' lang='lat' dir='ltr'>vel</span> <span class='ocrx_word' id='word_1_46' title='bbox 373 1344 504 1424; x_wconf 89' lang='lat' dir='ltr'>deliciis,</span> <span class='ocrx_word' id='word_1_47' title='bbox 528 1362 585 1412; x_wconf 89' lang='lat' dir='ltr'>nec</span> <span class='ocrx_word' id='word_1_48' title='bbox 608 1361 668 1430; x_wconf 89' lang='lat' dir='ltr'>pro</span> <span class='ocrx_word' id='word_1_49' title='bbox 692 1362 800 1412; x_wconf 88' lang='lat' dir='ltr'>amore</span> <span class='ocrx_word' id='word_1_50' title='bbox 817 1345 993 1412; x_wconf 90' lang='lat' dir='ltr'>amicorum</span> <span class='ocrx_word' id='word_1_51' title='bbox 1011 1344 1061 1413; x_wconf 89' lang='grc'>661</span> 
     </span>
     <span class='ocr_line' id='line_1_9' title="bbox 95 1451 1061 1538; baseline 0 -20"><span class='ocrx_word' id='word_1_52' title='bbox 95 1451 218 1538; x_wconf 88' lang='lat' dir='ltr'>proprii</span> <span class='ocrx_word' id='word_1_53' title='bbox 236 1451 380 1538; x_wconf 92' lang='lat' dir='ltr'>corporis</span> <span class='ocrx_word' id='word_1_54' title='bbox 395 1451 553 1519; x_wconf 86' lang='lat' dir='ltr'>dubitarit</span> <span class='ocrx_word' id='word_1_55' title='bbox 569 1468 603 1518; x_wconf 91' lang='lat' dir='ltr'>se</span> <span class='ocrx_word' id='word_1_56' title='bbox 620 1451 748 1518; x_wconf 80' lang='lat' dir='ltr'>tradere</span> <span class='ocrx_word' id='word_1_57' title='bbox 764 1451 884 1520; x_wconf 89' lang='lat' dir='ltr'>carceri</span> <span class='ocrx_word' id='word_1_58' title='bbox 902 1451 1061 1536; x_wconf 90' lang='lat' dir='ltr'>poeniteo·</span> 
     </span>
     <span class='ocr_line' id='line_1_10' title="bbox 95 1557 1061 1645; baseline -0.002 -19"><span class='ocrx_word' id='word_1_59' title='bbox 95 1557 159 1626; x_wconf 88' lang='lat' dir='ltr'>tiae</span> <span class='ocrx_word' id='word_1_60' title='bbox 184 1565 315 1645; x_wconf 92' lang='lat' dir='ltr'>propter</span> <span class='ocrx_word' id='word_1_61' title='bbox 331 1557 443 1638; x_wconf 89' lang='lat' dir='ltr'>Deum,</span> <span class='ocrx_word' id='word_1_62' title='bbox 460 1575 520 1624; x_wconf 93' lang='lat' dir='ltr'>uon</span> <span class='ocrx_word' id='word_1_63' title='bbox 539 1557 633 1625; x_wconf 88' lang='lat' dir='ltr'>debet</span> <span class='ocrx_word' id='word_1_64' title='bbox 649 1557 744 1625; x_wconf 92' lang='lat' dir='ltr'>modu</span> <span class='ocrx_word' id='word_1_65' title='bbox 762 1557 853 1625; x_wconf 89' lang='grc'><strong>611166</strong></span> <span class='ocrx_word' id='word_1_66' title='bbox 867 1574 949 1637; x_wconf 91' lang='lat' dir='ltr'>esse,</span> <span class='ocrx_word' id='word_1_67' title='bbox 964 1575 1061 1644; x_wconf 87' lang='lat' dir='ltr'>quam</span> 
     </span>
     <span class='ocr_line' id='line_1_11' title="bbox 95 1663 1062 1751; baseline 0 -19"><span class='ocrx_word' id='word_1_68' title='bbox 95 1671 174 1734; x_wconf 91' lang='lat' dir='ltr'>tunc</span> <span class='ocrx_word' id='word_1_69' title='bbox 197 1665 269 1746; x_wconf 89' lang='lat' dir='ltr'>init,</span> <span class='ocrx_word' id='word_1_70' title='bbox 292 1673 328 1734; x_wconf 91' lang='lat' dir='ltr'>ut</span> <span class='ocrx_word' id='word_1_71' title='bbox 343 1683 402 1751; x_wconf 92' lang='lat' dir='ltr'>pro</span> <span class='ocrx_word' id='word_1_72' title='bbox 418 1665 524 1732; x_wconf 84' lang='lat' dir='ltr'>verbis</span> <span class='ocrx_word' id='word_1_73' title='bbox 541 1663 706 1732; x_wconf 89' lang='lat' dir='ltr'>hominum</span> <span class='ocrx_word' id='word_1_74' title='bbox 724 1666 851 1732; x_wconf 87' lang='lat' dir='ltr'>deserat</span> <span class='ocrx_word' id='word_1_75' title='bbox 865 1664 960 1732; x_wconf 92' lang='lat' dir='ltr'>modo</span> <span class='ocrx_word' id='word_1_76' title='bbox 977 1665 1062 1732; x_wconf 89' lang='lat' dir='ltr'>viam</span> 
     </span>
     <span class='ocr_line' id='line_1_12' title="bbox 94 1759 1059 1858; baseline -0.003 -17"><span class='ocrx_word' id='word_1_77' title='bbox 94 1772 164 1852; x_wconf 88' lang='lat' dir='ltr'>Dei,</span> <span class='ocrx_word' id='word_1_78' title='bbox 187 1791 207 1840; x_wconf 94' lang='lat' dir='ltr'>a</span> <span class='ocrx_word' id='word_1_79' title='bbox 230 1773 322 1840; x_wconf 91' lang='lat' dir='ltr'>cuius</span> <span class='ocrx_word' id='word_1_80' title='bbox 345 1759 491 1858; x_wconf 78' lang='lat' dir='ltr'>ingressu</span> <span class='ocrx_word' id='word_1_81' title='bbox 515 1788 573 1840; x_wconf 90' lang='lat' dir='ltr'>uec</span> <span class='ocrx_word' id='word_1_82' title='bbox 596 1770 776 1838; x_wconf 83' lang='lat' dir='ltr'>terroribus</span> <span class='ocrx_word' id='word_1_83' title='bbox 807 1789 865 1838; x_wconf 92' lang='lat' dir='ltr'>nec</span> <span class='ocrx_word' id='word_1_84' title='bbox 897 1770 1059 1839; x_wconf 87' lang='lat' dir='ltr'>blanditiis</span> 
     </span>
     <span class='ocr_line' id='line_1_13' title="bbox 94 1877 1060 1966; baseline -0.003 -19"><span class='ocrx_word' id='word_1_85' title='bbox 94 1879 202 1966; x_wconf 90' lang='lat' dir='ltr'>potuit</span> <span class='ocrx_word' id='word_1_86' title='bbox 217 1878 329 1946; x_wconf 88' lang='grc'><strong>666611.</strong></span> <span class='ocrx_word' id='word_1_87' title='bbox 344 1915 390 1928; x_wconf 88' lang='grc'><strong>-</strong></span> <span class='ocrx_word' id='word_1_88' title='bbox 405 1877 523 1964; x_wconf 86' lang='lat' dir='ltr'>Quodsi</span> <span class='ocrx_word' id='word_1_89' title='bbox 548 1879 641 1946; x_wconf 90' lang='lat' dir='ltr'>times</span> <span class='ocrx_word' id='word_1_90' title='bbox 657 1878 698 1944; x_wconf 89' lang='lat' dir='ltr'>de</span> <span class='ocrx_word' id='word_1_91' title='bbox 714 1877 933 1962; x_wconf 80' lang='lat' dir='ltr'>singularitate</span> <span class='ocrx_word' id='word_1_92' title='bbox 957 1878 1060 1944; x_wconf 85' lang='lat' dir='ltr'>notari</span> 
     </span>
     <span class='ocr_line' id='line_1_14' title="bbox 95 1984 1060 2072; baseline -0.002 -17"><span class='ocrx_word' id='word_1_93' title='bbox 95 1993 126 2056; x_wconf 89' lang='grc'>61</span> <span class='ocrx_word' id='word_1_94' title='bbox 148 1986 193 2052; x_wconf 90' lang='lat' dir='ltr'>ob</span> <span class='ocrx_word' id='word_1_95' title='bbox 216 1986 277 2052; x_wconf 90' lang='lat' dir='ltr'>hoc</span> <span class='ocrx_word' id='word_1_96' title='bbox 299 1985 370 2052; x_wconf 91' lang='lat' dir='ltr'>aliis</span> <span class='ocrx_word' id='word_1_97' title='bbox 393 1985 461 2053; x_wconf 88' lang='lat' dir='ltr'>lieri</span> <span class='ocrx_word' id='word_1_98' title='bbox 486 1985 625 2066; x_wconf 90' lang='lat' dir='ltr'>odiosus,</span> <span class='ocrx_word' id='word_1_99' title='bbox 650 1985 742 2063; x_wconf 87' lang='lat' dir='ltr'>scias,</span> <span class='ocrx_word' id='word_1_100' title='bbox 758 1984 844 2072; x_wconf 88' lang='lat' dir='ltr'>quod</span> <span class='ocrx_word' id='word_1_101' title='bbox 861 1985 970 2052; x_wconf 93' lang='lat' dir='ltr'>nullus</span> <span class='ocrx_word' id='word_1_102' title='bbox 986 1986 1060 2053; x_wconf 91' lang='lat' dir='ltr'>Sau-</span> 
     </span>
     <span class='ocr_line' id='line_1_15' title="bbox 95 2091 1060 2178; baseline -0.005 -15"><span class='ocrx_word' id='word_1_103' title='bbox 95 2101 223 2162; x_wconf 88' lang='lat' dir='ltr'>ctorum</span> <span class='ocrx_word' id='word_1_104' title='bbox 241 2091 412 2178; x_wconf 83' lang='lat' dir='ltr'>singularis</span> <span class='ocrx_word' id='word_1_105' title='bbox 428 2091 548 2178; x_wconf 80' lang='lat' dir='ltr'>gloriae</span> <span class='ocrx_word' id='word_1_106' title='bbox 564 2092 667 2159; x_wconf 87' lang='lat' dir='ltr'>iactus</span> <span class='ocrx_word' id='word_1_107' title='bbox 683 2100 730 2158; x_wconf 91' lang='lat' dir='ltr'>est</span> <span class='ocrx_word' id='word_1_108' title='bbox 744 2091 902 2177; x_wconf 84' lang='lat' dir='ltr'>particeps</span> <span class='ocrx_word' id='word_1_109' title='bbox 919 2092 949 2158; x_wconf 93' lang='grc'>16</span> <span class='ocrx_word' id='word_1_110' title='bbox 963 2091 1060 2172; x_wconf 88' lang='grc'><strong>66616,</strong></span> 
     </span>
     <span class='ocr_line' id='line_1_16' title="bbox 95 2198 1059 2286; baseline -0.001 -19"><span class='ocrx_word' id='word_1_111' title='bbox 95 2201 158 2268; x_wconf 94' lang='grc'><strong>6161</strong></span> <span class='ocrx_word' id='word_1_112' title='bbox 184 2200 251 2286; x_wconf 89' lang='lat' dir='ltr'>qul,</span> <span class='ocrx_word' id='word_1_113' title='bbox 274 2200 357 2266; x_wconf 91' lang='grc'><strong>16166</strong></span> <span class='ocrx_word' id='word_1_114' title='bbox 380 2199 525 2266; x_wconf 84' lang='lat' dir='ltr'>homines</span> <span class='ocrx_word' id='word_1_115' title='bbox 549 2198 600 2276; x_wconf 81' lang='lat' dir='ltr'>liic</span> <span class='ocrx_word' id='word_1_116' title='bbox 625 2200 758 2286; x_wconf 89' lang='lat' dir='ltr'>positus,</span> <span class='ocrx_word' id='word_1_117' title='bbox 782 2199 905 2267; x_wconf 88' lang='lat' dir='ltr'>studuit</span> <span class='ocrx_word' id='word_1_118' title='bbox 936 2216 1005 2266; x_wconf 91' lang='lat' dir='ltr'>esse</span> <span class='ocrx_word' id='word_1_119' title='bbox 1029 2199 1059 2266; x_wconf 96' lang='grc'>16</span> 
     </span>
     <span class='ocr_line' id='line_1_17' title="bbox 96 2305 1062 2393; baseline -0.005 -17"><span class='ocrx_word' id='word_1_120' title='bbox 96 2305 264 2376; x_wconf 77' lang='lat' dir='ltr'>sanctitate</span> <span class='ocrx_word' id='word_1_121' title='bbox 286 2306 370 2372; x_wconf 92' lang='grc'><strong>61166</strong></span> <span class='ocrx_word' id='word_1_122' title='bbox 394 2305 583 2390; x_wconf 82' lang='lat' dir='ltr'>singularis;</span> <span class='ocrx_word' id='word_1_123' title='bbox 606 2305 693 2393; x_wconf 87' lang='lat' dir='ltr'>quod</span> <span class='ocrx_word' id='word_1_124' title='bbox 718 2313 822 2372; x_wconf 89' lang='lat' dir='ltr'>tamen</span> <span class='ocrx_word' id='word_1_125' title='bbox 840 2306 881 2372; x_wconf 92' lang='lat' dir='ltr'>de</span> <span class='ocrx_word' id='word_1_126' title='bbox 897 2305 1062 2392; x_wconf 79' lang='lat' dir='ltr'>singulari·</span> 
     </span>
     <span class='ocr_line' id='line_1_18' title="bbox 95 2410 1064 2489; baseline -0.004 -9"><span class='ocrx_word' id='word_1_127' title='bbox 95 2420 162 2480; x_wconf 88' lang='lat' dir='ltr'>tate</span> <span class='ocrx_word' id='word_1_128' title='bbox 189 2411 343 2478; x_wconf 89' lang='lat' dir='ltr'>virtutum</span> <span class='ocrx_word' id='word_1_129' title='bbox 368 2410 448 2489; x_wconf 86' lang='lat' dir='ltr'>dico,</span> <span class='ocrx_word' id='word_1_130' title='bbox 464 2429 527 2477; x_wconf 91' lang='lat' dir='ltr'>non</span> <span class='ocrx_word' id='word_1_131' title='bbox 544 2411 584 2478; x_wconf 91' lang='lat' dir='ltr'>de</span> <span class='ocrx_word' id='word_1_132' title='bbox 600 2410 879 2479; x_wconf 81' lang='lat' dir='ltr'>caerimonialibus</span> <span class='ocrx_word' id='word_1_133' title='bbox 895 2410 1064 2478; x_wconf 87' lang='lat' dir='ltr'>observan-</span> 
     </span>
     <span class='ocr_line' id='line_1_19' title="bbox 96 2516 1063 2604; baseline -0.004 -18"><span class='ocrx_word' id='word_1_134' title='bbox 96 2519 152 2587; x_wconf 86' lang='lat' dir='ltr'>tiis</span> <span class='ocrx_word' id='word_1_135' title='bbox 177 2535 309 2604; x_wconf 80' lang='lat' dir='ltr'>parram</span> <span class='ocrx_word' id='word_1_136' title='bbox 332 2523 389 2584; x_wconf 93' lang='lat' dir='ltr'>aut</span> <span class='ocrx_word' id='word_1_137' title='bbox 412 2517 534 2585; x_wconf 89' lang='lat' dir='ltr'>nullam</span> <span class='ocrx_word' id='word_1_138' title='bbox 560 2516 752 2585; x_wconf 85' lang='lat' dir='ltr'>habentibus</span> <span class='ocrx_word' id='word_1_139' title='bbox 776 2516 945 2583; x_wconf 88' lang='lat' dir='ltr'>utilitatem</span> <span class='ocrx_word' id='word_1_140' title='bbox 961 2516 1063 2583; x_wconf 88' lang='grc'><strong>61616-</strong></span> 
     </span>
     <span class='ocr_line' id='line_1_20' title="bbox 96 2622 1063 2695; baseline -0.006 -1"><span class='ocrx_word' id='word_1_141' title='bbox 96 2627 148 2695; x_wconf 87' lang='grc'><strong>116.</strong></span> <span class='ocrx_word' id='word_1_142' title='bbox 176 2624 287 2692; x_wconf 84' lang='lat' dir='ltr'>Studia</span> <span class='ocrx_word' id='word_1_143' title='bbox 310 2630 417 2691; x_wconf 91' lang='lat' dir='ltr'>autem</span> <span class='ocrx_word' id='word_1_144' title='bbox 453 2623 628 2692; x_wconf 89' lang='lat' dir='ltr'>sanctitatis</span> <span class='ocrx_word' id='word_1_145' title='bbox 651 2624 681 2690; x_wconf 93' lang='lat' dir='ltr'>in</span> <span class='ocrx_word' id='word_1_146' title='bbox 719 2623 769 2691; x_wconf 87' lang='lat' dir='ltr'>his</span> <span class='ocrx_word' id='word_1_147' title='bbox 803 2622 995 2691; x_wconf 90' lang='lat' dir='ltr'>consistunt:</span> <span class='ocrx_word' id='word_1_148' title='bbox 1032 2622 1063 2688; x_wconf 90' lang='lat' dir='ltr'>in</span> 
     </span>
     <span class='ocr_line' id='line_1_21' title="bbox 96 2729 1062 2818; baseline -0.006 -18"><span class='ocrx_word' id='word_1_149' title='bbox 96 2731 243 2802; x_wconf 83' lang='lat' dir='ltr'>carendo</span> <span class='ocrx_word' id='word_1_150' title='bbox 265 2747 359 2798; x_wconf 88' lang='lat' dir='ltr'>omne</span> <span class='ocrx_word' id='word_1_151' title='bbox 383 2737 549 2818; x_wconf 90' lang='lat' dir='ltr'>peccatum</span> <span class='ocrx_word' id='word_1_152' title='bbox 573 2737 604 2798; x_wconf 89' lang='grc'>61</span> <span class='ocrx_word' id='word_1_153' title='bbox 627 2747 721 2799; x_wconf 90' lang='lat' dir='ltr'>omne</span> <span class='ocrx_word' id='word_1_154' title='bbox 745 2729 943 2807; x_wconf 88' lang='lat' dir='ltr'>scandalum,</span> <span class='ocrx_word' id='word_1_155' title='bbox 965 2746 1062 2816; x_wconf 86' lang='lat' dir='ltr'>quan·</span> 
     </span>
     <span class='ocr_line' id='line_1_22' title="bbox 97 2836 1061 2920; baseline -0.005 -13"><span class='ocrx_word' id='word_1_156' title='bbox 97 2847 170 2910; x_wconf 91' lang='lat' dir='ltr'>tum</span> <span class='ocrx_word' id='word_1_157' title='bbox 195 2839 227 2906; x_wconf 96' lang='grc'>16</span> <span class='ocrx_word' id='word_1_158' title='bbox 251 2856 285 2906; x_wconf 90' lang='lat' dir='ltr'>se</span> <span class='ocrx_word' id='word_1_159' title='bbox 308 2845 366 2920; x_wconf 90' lang='grc'><strong>661,</strong></span> <span class='ocrx_word' id='word_1_160' title='bbox 389 2839 422 2904; x_wconf 92' lang='grc'>16</span> <span class='ocrx_word' id='word_1_161' title='bbox 447 2837 606 2906; x_wconf 89' lang='lat' dir='ltr'>studendo</span> <span class='ocrx_word' id='word_1_162' title='bbox 629 2837 779 2905; x_wconf 89' lang='lat' dir='ltr'>omnibus</span> <span class='ocrx_word' id='word_1_163' title='bbox 803 2836 977 2904; x_wconf 85' lang='lat' dir='ltr'>virtutibus</span> <span class='ocrx_word' id='word_1_164' title='bbox 1000 2836 1061 2902; x_wconf 91' lang='lat' dir='ltr'>hu·</span> 
     </span>
     <span class='ocr_line' id='line_1_23' title="bbox 97 2940 1063 3030; baseline -0.006 -16"><span class='ocrx_word' id='word_1_165' title='bbox 97 2945 219 3014; x_wconf 87' lang='lat' dir='ltr'>militer</span> <span class='ocrx_word' id='word_1_166' title='bbox 242 2944 329 3013; x_wconf 93' lang='grc'><strong>6116</strong></span> <span class='ocrx_word' id='word_1_167' title='bbox 352 2943 537 3030; x_wconf 84' lang='lat' dir='ltr'>quaerendo</span> <span class='ocrx_word' id='word_1_168' title='bbox 560 2942 807 3014; x_wconf 80' lang='lat' dir='ltr'>familiaritatem</span> <span class='ocrx_word' id='word_1_169' title='bbox 831 2943 888 3011; x_wconf 90' lang='lat' dir='ltr'>Dei</span> <span class='ocrx_word' id='word_1_170' title='bbox 910 2960 968 3028; x_wconf 89' lang='lat' dir='ltr'>per</span> <span class='ocrx_word' id='word_1_171' title='bbox 990 2940 1063 3008; x_wconf 88' lang='grc'><strong>6116·</strong></span> 
     </span>
     <span class='ocr_line' id='line_1_24' title="bbox 97 3050 565 3120; baseline -0.011 0"><span class='ocrx_word' id='word_1_172' title='bbox 97 3060 188 3120; x_wconf 89' lang='lat' dir='ltr'>ctum</span> <span class='ocrx_word' id='word_1_173' title='bbox 213 3050 389 3120; x_wconf 84' lang='lat' dir='ltr'>devotionis</span> <span class='ocrx_word' id='word_1_174' title='bbox 412 3051 565 3118; x_wconf 87' lang='lat' dir='ltr'>internae.</span> 
     </span>
    </p>

    <p class='ocr_par' dir='ltr' id='par_1_5' title="bbox 98 3151 1067 3674">
     <span class='ocr_line' id='line_1_25' title="bbox 190 3151 1067 3226; baseline -0.006 -2"><span class='ocrx_word' id='word_1_175' title='bbox 190 3159 222 3224; x_wconf 69' lang='lat' dir='ltr'>i.</span> <span class='ocrx_word' id='word_1_176' title='bbox 246 3156 406 3226; x_wconf 81' lang='lat' dir='ltr'>Adversus</span> <span class='ocrx_word' id='word_1_177' title='bbox 429 3156 614 3225; x_wconf 86' lang='lat' dir='ltr'>huiusmodi</span> <span class='ocrx_word' id='word_1_178' title='bbox 639 3156 726 3224; x_wconf 89' lang='lat' dir='ltr'>nulla</span> <span class='ocrx_word' id='word_1_179' title='bbox 750 3163 798 3224; x_wconf 92' lang='lat' dir='ltr'>est</span> <span class='ocrx_word' id='word_1_180' title='bbox 826 3155 909 3223; x_wconf 92' lang='lat' dir='ltr'>buna</span> <span class='ocrx_word' id='word_1_181' title='bbox 939 3151 1067 3221; x_wconf 85' lang='lat' dir='ltr'>contor-</span> 
     </span>
     <span class='ocr_line' id='line_1_26' title="bbox 98 3259 1063 3350; baseline -0.007 -18"><span class='ocrx_word' id='word_1_182' title='bbox 98 3265 205 3344; x_wconf 84' lang='lat' dir='ltr'>mitas,</span> <span class='ocrx_word' id='word_1_183' title='bbox 229 3281 407 3350; x_wconf 87' lang='lat' dir='ltr'>perquam</span> <span class='ocrx_word' id='word_1_184' title='bbox 438 3264 518 3333; x_wconf 88' lang='lat' dir='ltr'>haec</span> <span class='ocrx_word' id='word_1_185' title='bbox 552 3264 659 3332; x_wconf 88' lang='lat' dir='ltr'>studia</span> <span class='ocrx_word' id='word_1_186' title='bbox 692 3264 947 3332; x_wconf 87' lang='lat' dir='ltr'>destruerentur.</span> <span class='ocrx_word' id='word_1_187' title='bbox 983 3259 1063 3326; x_wconf 89' lang='lat' dir='ltr'>Cum</span> 
     </span>
     <span class='ocr_line' id='line_1_27' title="bbox 99 3367 1064 3458; baseline -0.006 -18"><span class='ocrx_word' id='word_1_188' title='bbox 99 3390 178 3441; x_wconf 84' lang='lat' dir='ltr'>vero</span> <span class='ocrx_word' id='word_1_189' title='bbox 202 3389 262 3457; x_wconf 90' lang='lat' dir='ltr'>pro</span> <span class='ocrx_word' id='word_1_190' title='bbox 284 3371 404 3440; x_wconf 90' lang='lat' dir='ltr'>iustitia</span> <span class='ocrx_word' id='word_1_191' title='bbox 428 3372 510 3440; x_wconf 88' lang='lat' dir='ltr'>sicut</span> <span class='ocrx_word' id='word_1_192' title='bbox 533 3379 564 3438; x_wconf 92' lang='lat' dir='ltr'>et</span> <span class='ocrx_word' id='word_1_193' title='bbox 600 3389 658 3458; x_wconf 89' lang='lat' dir='ltr'>pro</span> <span class='ocrx_word' id='word_1_194' title='bbox 689 3369 753 3438; x_wconf 88' lang='lat' dir='ltr'>lide</span> <span class='ocrx_word' id='word_1_195' title='bbox 788 3369 964 3437; x_wconf 88' lang='lat' dir='ltr'>debeamus</span> <span class='ocrx_word' id='word_1_196' title='bbox 998 3367 1064 3454; x_wconf 88' lang='lat' dir='ltr'>pati</span> 
     </span>
     <span class='ocr_line' id='line_1_28' title="bbox 98 3474 1065 3565; baseline -0.007 -18"><span class='ocrx_word' id='word_1_197' title='bbox 98 3497 162 3548; x_wconf 93' lang='lat' dir='ltr'>non</span> <span class='ocrx_word' id='word_1_198' title='bbox 187 3479 293 3548; x_wconf 90' lang='lat' dir='ltr'>solum</span> <span class='ocrx_word' id='word_1_199' title='bbox 317 3478 481 3547; x_wconf 87' lang='lat' dir='ltr'>irrisiones</span> <span class='ocrx_word' id='word_1_200' title='bbox 503 3483 536 3546; x_wconf 92' lang='grc'>61</span> <span class='ocrx_word' id='word_1_201' title='bbox 557 3477 787 3565; x_wconf 85' lang='lat' dir='ltr'>despectiones,</span> <span class='ocrx_word' id='word_1_202' title='bbox 811 3474 977 3544; x_wconf 85' lang='lat' dir='ltr'>sedetiam</span> <span class='ocrx_word' id='word_1_203' title='bbox 995 3490 1065 3560; x_wconf 87' lang='lat' dir='ltr'>per·</span> 
     </span>
     <span class='ocr_line' id='line_1_29' title="bbox 99 3579 1065 3674; baseline -0.01 -18"><span class='ocrx_word' id='word_1_204' title='bbox 99 3585 281 3656; x_wconf 86' lang='lat' dir='ltr'>secutiones</span> <span class='ocrx_word' id='word_1_205' title='bbox 299 3584 459 3674; x_wconf 88' lang='lat' dir='ltr'>quaslibet</span> <span class='ocrx_word' id='word_1_206' title='bbox 480 3591 513 3654; x_wconf 93' lang='grc'>61</span> <span class='ocrx_word' id='word_1_207' title='bbox 535 3592 671 3654; x_wconf 88' lang='lat' dir='ltr'>mortem</span> <span class='ocrx_word' id='word_1_208' title='bbox 688 3583 784 3671; x_wconf 85' lang='lat' dir='ltr'>(sicut</span> <span class='ocrx_word' id='word_1_209' title='bbox 800 3581 885 3670; x_wconf 87' lang='lat' dir='ltr'>passi</span> <span class='ocrx_word' id='word_1_210' title='bbox 901 3585 978 3650; x_wconf 91' lang='lat' dir='ltr'>sunt</span> <span class='ocrx_word' id='word_1_211' title='bbox 992 3579 1065 3648; x_wconf 86' lang='lat' dir='ltr'>San·</span> 
     </span>
    </p>
   </div>
   <div class='ocr_carea' id='block_1_5' title="bbox 0 0 1383 4316">
    <p class='ocr_par' dir='ltr' id='par_1_6' title="bbox 0 0 1383 4316">
     <span class='ocr_line' id='line_1_30' title="bbox 0 0 1383 4316; baseline 0 0"><span class='ocrx_word' id='word_1_212' title='bbox 0 0 1383 4316; x_wconf 95' lang='lat' dir='ltr'> </span> 
     </span>
    </p>
   </div>
  </div>
 </body>
</html>
