2776 4316
288 232 353 300 uta
446 292 448 298 ,
523 276 525 280 -
647 247 735 295 cinea
759 248 898 297 neurius,

289 372 366 422 cum
402 351 488 419 milti
520 351 650 418 molesti
683 360 806 430 esseut,
842 349 1065 418 humiliabam
1101 348 1264 418 animum

230 499 232 502 ·
287 479 409 528 meam.

379 565 466 645 item,
491 565 713 650 proximorum
737 564 789 630 alii
815 571 890 630 sunt
905 563 1061 652 aequales
1078 564 1183 664 nobis,
1204 563 1262 630 alii

289 671 493 757 superiores,
517 671 571 737 alii
595 669 730 736 sabellii.
761 671 806 737 De
842 669 1040 758 aequalibus
1077 671 1174 755 plana
1209 677 1262 738 est

289 777 401 863 regula
426 777 597 863 praedicta.
629 777 675 844 De
695 776 929 863 superioribas
952 777 1042 844 addit
1065 777 1261 863 ΑροειοΙιιει

289 885 365 963 duo,
389 884 519 962 scilicet,
550 883 673 952 obedite
692 884 897 970 praepositis
926 883 1047 950 uestris
1078 893 1109 950 et
1139 883 1260 952 uara

290 1000 355 1058 cete
377 991 444 1069 eie,·
468 989 599 1057 obedire
623 992 759 1077 pertinet
782 991 1075 1077 adimpletionem
1106 991 1262 1060 iussionis

290 1116 413 1177 eorum,
435 1097 620 1176 subiacere,
643 1099 808 1170 humiliter
832 1099 878 1166 ei‘s
901 1099 1034 1165 subesse
1057 1098 1151 1184 quasi
1178 1099 1261 1164 vica·

291 1205 347 1272 riis
370 1205 425 1273 Dei
450 1207 535 1271 omui
561 1205 756 1272 subiectione
772 1207 950 1272 secundum
968 1205 1081 1272 Deum.
1106 1205 1152 1272 De
1170 1223 1261 1290 prae·

290 1311 363 1379 latis
388 1320 453 1380 tres
477 1311 605 1395 regulas
628 1319 718 1379 tiata:
743 1312 858 1398 prima,
877 1311 1083 1379 Ecclesiastici
1098 1311 1125 1376 ²:
1144 1313 1261 1380 Recla-

290 1437 360 1484 rere
385 1425 413 1482 te
433 1416 644 1503 posueruut?
670 1419 745 1484 Esto
770 1417 856 1484 iuter
880 1417 953 1484 illos
976 1417 1079 1505 quusi
1101 1437 1194 1486 arius
1218 1437 1260 1484 eu

290 1524 347 1591 eis.
363 1523 519 1601 Secunda,
536 1524 574 1590 ad
594 1524 906 1590 Thessalonicenses:
925 1524 1023 1592 Facti
1037 1543 1159 1590 samus
1177 1543 1261 1610 par·

290 1629 363 1696 oali
385 1629 421 1696 ia
445 1629 552 1696 medio
574 1638 735 1708 oestrum,
760 1638 923 1716 lanquam
946 1630 1122 1697 cicatrix
1145 1628 1262 1716 fateat

289 1735 377 1821 (ilios
399 1754 478 1802 suos
502 1745 560 1802 etc.
586 1737 701 1813 Tertia,
719 1736 786 1822 ipse
803 1736 958 1804 Dominus
979 1737 1080 1804 Lucae
1103 1738 1260 1823 vigesimo

291 1843 448 1910 meando:
476 1844 544 1930 Epo
568 1851 680 1910 autera
704 1843 740 1909 in
764 1843 871 1910 merliu
892 1851 1042 1911 nectutem
1061 1863 1153 1922 eam,
1167 1844 1263 1910 sicot

290 1948 351 2037 qai
372 1949 555 2016 ministrat
581 1987 623 1998 -
640 1951 824 2018 Secundum
848 1952 906 2018 lias
923 1960 988 2018 tres
1005 1951 1134 2035 regulas
1150 1961 1260 2020 rector

290 2055 374 2122 inter
397 2054 543 2122 subditos
567 2055 607 2121 sit
630 2056 731 2143 quasi
753 2075 843 2122 uuus
867 2076 907 2122 ca
924 2055 1002 2135 illis,
1019 2058 1202 2126 communis
1224 2057 1258 2125 iu

291 2162 388 2240 victu,
413 2162 529 2228 vestitu
554 2170 585 2227 et
602 2161 709 2228 labore
725 2170 756 2229 et
772 2162 842 2228 aliis
858 2162 1085 2230 exterioribus.
1111 2161 1163 2228 Sit
1177 2181 1262 2247 pur·

292 2266 391 2332 valus
414 2267 450 2332 in
474 2265 581 2332 meelio
604 2285 732 2345 eoram,
749 2274 785 2332 ut
808 2284 849 2334 ex
868 2267 938 2345 hoe,
953 2267 1039 2353 qued
1058 2275 1183 2352 praeest
1199 2267 1261 2348 eis,

291 2391 353 2438 non
378 2381 468 2459 putet
490 2391 525 2439 se
549 2373 739 2440 sanctiorem
774 2373 846 2440 aliis
870 2373 919 2440 vel
954 2373 1179 2458 sapientiorem
1206 2373 1260 2442 rel

291 2480 479 2566 digniorem,
504 2481 559 2546 secl
584 2479 729 2546 viliorem
754 2488 784 2548 et
797 2479 1016 2564 obligatiorem
1042 2479 1074 2546 iu
1092 2479 1261 2548 reddenda

291 2589 413 2654 ratione
438 2606 496 2672 pro
520 2605 554 2654 se
577 2595 608 2653 et
633 2606 690 2672 pro
714 2587 785 2654 illis.
810 2586 863 2654 Sit
881 2586 1200 2675 quasimiuirtraus
1218 2587 1258 2654 ia

289 2694 397 2761 medio
420 2713 549 2772 eoram,
573 2693 700 2760 infirma
723 2711 836 2760 eorum
861 2694 1017 2779 portando
1040 2704 1073 2762 et
1106 2693 1256 2762 comodo

291 2809 323 2870 et
344 2801 495 2888 exetnplo
519 2801 713 2887 praeeundo.

382 2911 412 2976 6.
436 2908 492 2976 Aa
515 2909 619 2974 Deam
643 2907 799 2975 debemus
822 2924 893 2976 esse
910 2906 1066 2975 humiles:
1088 2907 1259 2994 primunt

291 3017 396 3102 ipsum
421 3033 491 3083 esse
515 3015 615 3081 Deum
640 3031 677 3081 ac
701 3014 872 3080 Dominum
889 3023 920 3082 ct
944 3014 1083 3082 iudicem
1108 3023 1259 3082 nocuum

291 3141 502 3210 agnoscamus
525 3129 556 3190 et
578 3123 606 3188 ei
632 3121 663 3188 in
687 3121 837 3190 omnibus
852 3121 1044 3189 obediamus
1064 3121 1148 3190 sicut
1171 3121 1261 3190 servi

291 3230 419 3298 domino
443 3248 502 3300 suo
524 3238 557 3297 el
579 3247 660 3316 opus
684 3227 795 3295 laciori
820 3245 890 3308 suo,
912 3235 945 3296 et
967 3229 994 3294 si
1015 3228 1263 3314 peccaverimus

362 3389 372 3421 1

362 3390 535 3546 ’ἓξζηέἒ
553 3389 597 3546 :l
610 3477 707 3532 deiude
725 3479 845 3546 sequitur
871 3478 890 3530 1.
910 3477 1003 3532 These
1031 3478 1057 3544 2,
1075 3475 1101 3530 7.
1121 3482 1148 3532 et
1170 3477 1262 3533 cuono

291 3567 334 3635 22,
354 3567 397 3622 ul.
