2742 4320
293 255 333 301 ne
358 253 399 301 vu
422 252 634 302 rnocnssrnus.
658 251 830 301 ruocnssus
853 251 904 298 vu.
1013 231 1076 300 355

113 358 154 426 tis
170 365 201 426 et
216 358 361 426 litteratis
378 358 528 444 pluribus
545 357 718 438 indevotis;
735 363 840 423 tamen
858 356 998 443 perfecta
1015 373 1077 422 non

113 473 161 533 est
185 465 311 532 devotio
335 464 402 532 sine
428 465 548 533 lumine
571 463 760 532 intellectus.
784 500 828 511 -
851 462 911 540 Sed
929 463 1021 529 aliter
1044 479 1086 530 se-

112 573 211 639 habet
235 571 441 658 intelligentia
461 571 652 657 simplicium
671 571 860 638 devotorum
877 576 909 637 et
924 569 1016 636 aliter
1032 568 1080 636 lit·

114 686 302 747 tenatorum.
327 677 467 745 Litterati
491 678 577 744 enim
601 678 705 744 sciunt
729 675 889 743 subtiliter
918 675 1003 761 loqui
1038 675 1078 744 de

114 803 318 872 quacumque
341 786 436 854 etiam
462 783 620 870 spirituali
645 783 778 851 materia
809 789 840 851 et
868 783 976 851 verbis
1003 801 1078 869 pro

114 893 194 980 priis
218 894 401 980 exprimere
425 909 508 979 quae
532 891 643 959 volunt
674 899 706 958 et
736 891 848 978 pulcre
879 890 1024 959 dividere
1047 896 1079 958 et

115 999 312 1085 distinguere
336 1008 367 1066 et
390 1015 503 1064 canses
526 1004 559 1065 et
582 997 720 1064 rationes
736 1015 894 1083 congruas
915 998 1078 1083 assignare

114 1112 146 1173 et
170 1123 316 1172 sermone
333 1105 507 1189 composito
524 1103 777 1190 persuasibiliter
792 1110 824 1171 et
847 1103 992 1170 ordinate
1009 1121 1080 1189 pro

116 1227 235 1296 ponere
259 1218 352 1276 etex
379 1209 487 1295 parvis
510 1209 703 1295 quandoque
729 1209 857 1294 longum
883 1215 993 1275 texere
1014 1216 1080 1275 tra-

115 1323 236 1384 ctatum
260 1325 291 1383 et
314 1335 361 1397 ea,
385 1335 468 1402 quae
488 1316 582 1402 plana
597 1322 673 1384 sunt
689 1324 720 1383 et
740 1323 814 1382 nota
837 1314 1080 1401 perseverem

115 1421 295 1490 artificiosis
319 1422 492 1501 involvere,
517 1429 552 1488 ut
576 1421 712 1488 rudibus
736 1421 777 1487 de
801 1420 920 1486 intimis
944 1419 1080 1506 philoso-

116 1528 211 1614 phiae
234 1527 382 1595 medullis
398 1534 542 1594 extracta
560 1527 739 1594 rideantur.
757 1525 866 1593 Deroti
884 1532 990 1592 autem
1008 1523 1080 1591 sim·

116 1635 216 1722 plices
240 1634 359 1702 clarius
383 1634 492 1701 vident
516 1633 681 1701 veritatem
706 1632 737 1700 in
770 1650 803 1700 se
827 1638 859 1699 et
887 1630 1078 1717 profundius

116 1741 223 1808 sciunt
246 1741 286 1807 de
310 1758 346 1808 ea
370 1742 509 1826 cogitare
532 1747 564 1807 et
587 1741 713 1826 pondus
736 1739 806 1806 eius
829 1755 964 1824 pensare
987 1745 1018 1804 et
1035 1755 1081 1804 sa-

118 1848 207 1934 poris
231 1845 332 1913 intimi
357 1865 454 1914 renas
478 1865 535 1932 per
559 1847 688 1933 gustum
713 1846 845 1913 affectus
880 1844 1016 1913 scrutari
1048 1851 1080 1912 et

116 1972 174 2040 per
199 1971 299 2039 purae
316 1953 541 2038 intelligentiae
558 1954 685 2020 radium
702 1969 925 2039 quaecumque
941 1951 1081 2020 lucidius

117 2061 312 2142 discernere,
335 2069 381 2142 nt,
405 2062 478 2128 licet
494 2061 635 2128 nesciant
650 2060 757 2128 uerbis
773 2061 935 2146 expressis
952 2059 1081 2145 proprie

118 2170 326 2255 distinguere,
358 2178 462 2236 tamen
487 2187 528 2235 ex
553 2167 622 2253 ipso
646 2168 769 2254 saporis
793 2176 888 2253 gustu
918 2167 1081 2234 naturales

117 2276 262 2344 veritatis
285 2275 481 2342 differentias
505 2291 696 2359 cognoscere
720 2274 820 2359 magis
837 2275 963 2341 valeant
983 2291 1079 2360 quam

116 2399 176 2468 per
198 2389 462 2468 argumentorum
488 2381 696 2448 coniecturas.
726 2381 916 2466 Exemplum
941 2380 981 2447 de
1005 2398 1080 2465 quo·

116 2488 194 2556 libet
218 2489 402 2556 mechanico
426 2488 548 2555 artifice
572 2488 602 2554 in
620 2495 688 2554 arte
705 2506 763 2554 sua
779 2488 881 2574 perito
898 2495 929 2554 et
952 2487 992 2553 de
1008 2486 1080 2553 sub·

117 2595 165 2661 tili
189 2594 551 2680 philosophuguorum
581 2593 661 2661 alter
696 2592 754 2659 scit
789 2600 903 2676 argute
938 2591 977 2658 de
1012 2599 1081 2657 arte

117 2703 286 2780 disserere,
302 2707 334 2767 et
352 2702 433 2768 alter
449 2700 579 2787 proprie
602 2700 727 2787 operari
738 2725 746 2780 ;
764 2699 814 2766 rel
838 2698 1023 2782 exemplum
1041 2697 1081 2765 de

117 2808 241 2876 medico
265 2807 406 2876 theorico
421 2807 430 2839 ¹
448 2816 479 2874 et
495 2807 644 2891 practico,
661 2824 799 2891 quorum
816 2805 896 2872 alter
914 2805 1014 2889 magis
1030 2801 1082 2870 no·

119 2914 164 2981 rit
187 2922 289 2982 artem
313 2931 371 3001 per
395 2913 569 2992 scientiam,
592 2912 673 2978 alter
697 2929 754 2997 per
778 2910 1019 2996 experientiam.

395 3091 399 3102 '
447 3091 630 3158 Cnrrruuuu
654 3090 753 3159 nxvt.

142 3269 297 3352 Quotuor
320 3276 399 3335 suut
420 3287 544 3356 perteret
567 3267 807 3334 revelationum
831 3266 1060 3333 etelstanum.

211 3449 239 3512 l.
264 3446 353 3512 Dicto
377 3445 417 3512 de
441 3444 514 3526 illis,
538 3461 620 3530 quae
648 3445 689 3511 ad
724 3441 880 3532 effectum
912 3442 1081 3529 specialius

119 3560 271 3641 spectant,
294 3553 469 3620 ridendum
494 3552 635 3620 breviter
666 3551 705 3620 de
738 3552 798 3632 his,
821 3569 903 3637 quae
927 3551 959 3617 in
989 3550 1084 3638 spiri-

192 3675 201 3708 ¹
222 3678 293 3732 idem
313 3691 344 3732 ac
362 3677 523 3744 theoretica·
543 3678 678 3744 Ducauge,
697 3677 858 3732 Glossarium
877 3684 926 3731 etc.
