2742 4320
281 223 346 293 330
637 245 725 293 nmen
747 244 887 292 neurius,

165 399 167 404 .
280 348 388 417 dedita
410 365 469 435 per
492 347 632 434 aliquam
658 347 742 434 piam
766 348 964 415 occasionem
988 347 1188 415 assuefacere
1204 362 1235 412 se

279 457 320 524 ad
344 455 446 522 muni
469 455 604 540 erigere,
628 454 759 535 orando,
775 454 998 540 supplicando,
1013 455 1135 541 gratias
1149 469 1237 538 agen·

259 563 332 644 ,‚do,
356 561 518 629 laudando
541 579 600 647 pro
623 559 761 628 diversis
791 561 898 629 causis
929 578 963 628 se
986 562 1072 628 omni
1099 571 1237 646 tempore

279 667 501 747 offerentibus,
537 666 629 734 iuxta
664 666 745 733 illud
784 667 887 735 Lucae
924 668 1052 736 decimo
1083 667 1238 736 octano¹:

282 773 416 860 Oportet
444 792 573 859 semper
604 791 706 840 crore
736 781 765 840 et
796 792 973 862 nunquam
1003 773 1144 860 delium
1166 778 1239 848 eic.;

279 880 366 958 item,
389 878 494 964 prima
512 879 552 946 ad
571 879 884 948 Thessalonicenses:
902 880 981 948 Sine
997 880 1240 948 tumuerim

279 993 384 1064 orote,
409 985 445 1052 in
479 984 634 1052 omuibus
665 985 804 1073 proiice
826 987 935 1074 upitc5
958 987 1122 1056 Psalmus:
1147 987 1239 1054 Bene

280 1094 393 1161 dicum
418 1093 598 1160 Dominum
623 1093 656 1160 ia
682 1094 775 1160 omni
797 1103 941 1180 tempore
963 1103 1025 1162 etc.

370 1199 399 1267 3.
423 1201 548 1284 Quanto
571 1199 772 1286 frequentius
806 1201 879 1288 quis
913 1209 994 1282 orat,
1021 1209 1110 1270 tanto
1146 1201 1183 1268 ht
1212 1199 1239 1266 ei

279 1309 381 1376 oratio
412 1307 630 1376 delectabilior
662 1316 693 1375 et
725 1307 894 1398 efficacior,
922 1317 954 1377 et
986 1318 1107 1396 quanto
1138 1307 1240 1376 rarius

279 1422 360 1494 orat,
385 1422 471 1482 tanto
494 1414 661 1500 insipidior
676 1414 713 1482 iit
727 1422 764 1502 et
776 1415 957 1494 taediosior,
973 1417 1057 1484 sicut
1073 1414 1239 1504 experien-

279 1521 323 1589 tia
345 1539 441 1608 saepe
463 1521 564 1589 docet.
589 1522 744 1589 Videmus
767 1531 874 1590 autem
906 1523 1113 1610 quandoque,
1136 1537 1239 1590 sacen

280 1629 363 1696 lares
387 1629 494 1696 adhuc
518 1629 549 1694 in
575 1637 660 1694 statu
684 1629 803 1714 peccati
839 1629 959 1716 positos
982 1647 1025 1696 ex
1050 1630 1154 1697 multo
1175 1643 1238 1695 ora·

278 1735 372 1802 tionis
407 1752 468 1801 usu
506 1751 621 1819 magna
652 1735 829 1802 denotionis
865 1735 1057 1821 plerumque
1092 1731 1237 1822 perlnndi

279 1841 458 1920 dulcedine,
482 1858 565 1927 quae
588 1841 661 1908 licet
684 1859 725 1908 ex
750 1858 846 1909 verae
881 1842 1023 1911 caritatis
1047 1842 1157 1910 radice
1179 1856 1235 1907 non

278 1950 429 2038 prolluat,
452 1951 589 2018 ostendit
613 1961 717 2018 lamen
744 1951 829 2020 Deus
852 1969 910 2037 per
934 1953 1004 2033 hoc,
1027 1971 1126 2040 quam
1151 1967 1235 2039 para·

278 2065 331 2126 tus
354 2058 395 2125 sit
430 2059 522 2126 iustis
556 2060 690 2144 gratiam
724 2059 902 2139 inlundere,
926 2061 952 2126 si
985 2078 1048 2126 non
1080 2060 1236 2146 negligant

278 2181 445 2250 quaerere,
469 2164 522 2250 qui
547 2164 654 2232 adhuc
687 2165 717 2230 in
750 2170 879 2250 peccato
907 2164 1029 2251 positis,
1054 2166 1110 2232 sed
1136 2173 1234 2234 umen

278 2270 512 2356 perorationis
546 2270 688 2338 studium
724 2269 794 2338 eius
817 2289 852 2338 se
875 2271 1081 2340 familiaritati
1113 2287 1235 2360 quoquo

278 2376 373 2444 modo
389 2375 623 2462 applicantibus
639 2393 716 2444 suae
732 2376 913 2446 dulcedinis
928 2379 1162 2463 experientiam
1178 2393 1234 2444 non

278 2484 453 2552 abscondit.
477 2484 560 2569 Quid
584 2484 645 2551 erit
668 2484 818 2553 fidelibus
845 2485 967 2564 amieis,
991 2485 1016 2552 si
1042 2485 1088 2553 sic
1112 2485 1234 2554 dulcem

277 2607 311 2658 se
335 2589 527 2677 quandoque
551 2590 637 2657 Deus
652 2590 785 2658 exhibet
801 2591 908 2658 adhuc
926 2591 1087 2659 inimicis?
1103 2588 1234 2661 Secundi

217 2681 218 2686 ἵ
279 2696 397 2764 Esdrae
429 2694 555 2763 non02:
582 2697 709 2764 Manno
741 2705 836 2764 tecm
867 2716 934 2763 non
962 2694 1235 2784 prohibuerint

277 2817 334 2865 ore
356 2819 494 2880 eorum,·
517 2802 557 2869 de
580 2803 699 2888 quibus
715 2803 900 2888 praemittit,
915 2804 1002 2891 quod
1019 2803 1168 2872 lecerunt
1181 2802 1235 2872 sibi

277 2905 414 2974 vitulum
446 2916 479 2976 et
509 2909 733 2976 adoraverunt.
766 2909 848 2995 Quid
873 2928 951 2995 ergo
974 2909 1121 2996 Religiosi
1147 2927 1237 2980 exeo·

278 3013 409 3080 sationis
434 3014 552 3082 habent
576 3015 795 3101 praetendere,
818 3018 874 3103 qui
910 3017 1038 3084 divinae
1061 3016 1238 3085 dulcedinis

277 3119 436 3207 inexperti
461 3129 546 3201 sunt,
571 3140 667 3209 qnam
685 3122 779 3190 etiam
798 3123 1029 3204 sacerdoribus,
1044 3123 1070 3192 si
1099 3125 1238 3192 studium

276 3227 482 3313 quaesierint,
501 3246 563 3294 non
582 3230 689 3314 negari
707 3229 878 3297 videmus?
898 3229 1125 3298 Bemardus⁸z
1158 3257 1175 3290 ι
1189 3233 1238 3297 hr-

348 3384 358 3416 ¹
377 3387 453 3440 Vers.
474 3387 503 3453 l;
522 3396 669 3455 sequuntur
687 3389 705 3441 l.
724 3387 817 3442 Thess.
835 3387 861 3456 t,
884 3387 926 3442 t'l.
945 3402 1001 3457 seq.
1019 3393 1047 3442 et
1066 3387 1106 3444 l's
1124 3387 1169 3456 33,
1187 3390 1213 3442 2.

348 3472 359 3504 ²
380 3474 453 3529 Vers.
474 3477 516 3528 20.
536 3483 562 3528 et
581 3475 613 3529 l8
634 3475 679 3541 lde
697 3477 801 3546 vltulo).

348 3560 461 3618 'Serm
481 3564 524 3618 57.
544 3567 570 3618 in
588 3563 662 3620 Cant
682 3580 708 3620 n.
732 3565 757 3620 l.
