2776 4316
259 242 325 310 236
615 261 703 309 nmen
726 261 865 310 nunnius.

257 365 398 433 minibus
421 364 558 433 similem
582 365 685 432 olfecit
707 373 749 443 et,
772 365 888 452 spiritu
908 365 963 433 Dei
988 365 1140 450 effugato,
1165 374 1231 432 tra·

169 477 174 492 ’
259 473 339 541 didit
362 492 437 541 enm
462 473 607 541 hostibus
642 474 818 558 ligandum,
853 472 1061 552 caecandom,
1086 474 1230 541 incarce-

257 581 408 659 randum,
431 581 470 647 ad
497 580 614 647 molam
639 581 844 659 trahendum,
860 579 1173 665 circumagitandnm
1189 589 1224 648 et

258 687 471 755 illudendum.
495 686 558 754 Nec
581 687 685 754 taedio
710 686 848 754 vincitur
879 687 980 754 bostis
1002 687 1228 773 nequissimus

258 811 317 862 nec
342 794 449 862 labore
481 811 539 862 uec
573 785 784 861 diuturnitate
808 794 958 874 lassatur,
982 795 1007 861 si
1033 795 1130 862 modo
1154 803 1230 881 post

259 901 353 987 lunga
376 908 521 988 tempora
544 903 684 987 potnerit
707 901 833 969 efficere
869 901 955 988 quod
980 902 1127 982 intendit,
1150 921 1229 970 curn

258 1009 299 1075 ad
324 1008 402 1074 nibil
427 1008 513 1075 aliud
539 1009 624 1074 omui
649 1016 792 1096 tempore
816 1015 907 1075 racet
939 1009 989 1075 vel
1013 1008 1144 1077 studeat
1167 1027 1229 1077 nec

258 1115 321 1182 alia
345 1133 423 1182 cura
458 1115 500 1182 sit
535 1125 719 1200 occupatus,
743 1115 803 1182 nisi
839 1134 903 1201 qno
928 1115 1023 1182 modu
1059 1116 1231 1184 subvertat

261 1222 360 1289 bonos
384 1231 415 1289 et
438 1222 539 1294 malos
574 1223 761 1309 praecipitet
785 1223 815 1289 iu
851 1223 993 1290 deterius
1021 1232 1054 1290 et
1090 1225 1230 1292 retineat

259 1329 291 1396 in
315 1336 445 1416 peccato
468 1337 499 1397 et
524 1329 675 1415 impediat
698 1348 716 1396 a
740 1329 885 1416 profectu
908 1329 1030 1397 salutis.

577 1543 760 1611 ciprinum
784 1543 901 1611 XXXV.

395 1757 584 1844 Deceptam
608 1757 745 1824 iudiciis
768 1756 922 1824 coenolio
946 1755 1086 1824 amoris.

354 1973 382 2036 l.
408 1969 548 2038 Primum
572 1988 649 2055 ergo
673 1971 825 2037 indicium
851 1969 987 2036 carnalis
1022 1969 1231 2050 amouisset,

262 2078 348 2163 quod
373 2095 447 2145 cum
471 2078 646 2164 spiritualis
680 2077 807 2145 dilectio
842 2076 1064 2163 spiritualibus
1101 2083 1231 2143 tantum

134 2217 136 2224 v
264 2184 499 2252 eruditionibus
522 2192 553 2252 et
576 2184 800 2252 aedificatoriis
824 2183 1045 2252 collationibus
1068 2184 1157 2270 pasci
1183 2202 1232 2250 so·

261 2291 325 2360 leat
347 2301 378 2358 et
402 2309 503 2377 nugas
519 2298 550 2358 et
566 2292 682 2359 otiosas
705 2290 831 2359 fabulas
854 2290 1011 2369 fastidiat;
1034 2290 1131 2357 istae
1156 2307 1230 2357 con·

265 2417 357 2466 uerso
374 2417 477 2485 pauca
493 2399 533 2466 de
549 2398 771 2485 spiritualibus
787 2405 818 2466 et
835 2397 975 2484 plurima
991 2397 1031 2464 de
1047 2397 1228 2465 tuottttooa

262 2503 604 2591 confabulationibus,
629 2513 660 2573 et
685 2506 825 2573 maxime
849 2506 889 2573 de
919 2513 1033 2572 mutua
1056 2505 1230 2574 dilectione

265 2611 486 2680 insatiabiliter
502 2613 652 2694 ruminat,
669 2619 824 2699 quantum
841 2613 910 2699 ipse
926 2630 996 2679 eam
1013 2621 1045 2679 et
1062 2612 1117 2679 illa
1134 2612 1226 2680 illum

262 2718 382 2804 diligat,
407 2720 450 2786 ita
473 2719 559 2806 quod
583 2719 622 2786 ad
656 2719 840 2787 huiusmodi
875 2719 1033 2806 colloquia
1056 2737 1120 2786 non
1143 2718 1230 2788 suffi-

261 2827 346 2893 ciant
369 2827 477 2906 borac,
512 2845 574 2893 non
610 2826 678 2894 dics
714 2844 772 2895 uec
803 2826 963 2914 quaelibet
986 2834 1145 2912 tempora,
1170 2825 1228 2894 sed

262 2951 399 3020 semper,
435 2951 507 3001 cnm
544 2935 714 3001 convenire
749 2941 892 3020 possunt,
921 2934 1081 3021 copiosam
1108 2933 1229 3001 babent

263 3040 412 3126 loquendi
437 3041 602 3108 materiam
628 3040 853 3109 indeficienter.

352 3150 384 3215 t.
410 3148 591 3214 Secundum
615 3148 754 3216 carnalis
788 3146 907 3214 amoris
931 3147 1085 3215 indicium
1109 3155 1158 3215 est
1182 3147 1231 3212 io·

262 3253 401 3321 colentia
422 3262 578 3341 pastuum
602 3263 631 3321 et
655 3273 800 3332 morem,
818 3254 947 3340 quando
963 3261 1039 3322 sunt
1055 3253 1176 3340 pariter
1193 3271 1228 3322 se

263 3361 368 3430 taliter
392 3369 546 3442 amantes,
568 3379 715 3429 amorose
739 3379 773 3429 se
798 3369 912 3428 rnutno
935 3361 1119 3448 respiciunt,
1144 3362 1229 3430 latus

263 3467 366 3550 lateri,
388 3469 495 3536 lemur
518 3467 630 3536 lemori
656 3469 881 3555 comprimunt,
897 3485 1013 3536 manus
1037 3485 1168 3536 manum
1187 3477 1230 3536 te

262 3584 316 3644 net
338 3583 369 3644 et
393 3576 586 3662 comprimit,
610 3576 726 3644 deinde
751 3575 928 3644 brachiaet
945 3575 1090 3656 lacertos,
1113 3575 1228 3644 bome-
