<?xml version="1.0" encoding="UTF-8"?>
<!DOCTYPE html PUBLIC "-//W3C//DTD XHTML 1.0 Transitional//EN"
    "http://www.w3.org/TR/xhtml1/DTD/xhtml1-transitional.dtd">
<html xmlns="http://www.w3.org/1999/xhtml" xml:lang="en" lang="en">
 <head>
  <title>
</title>
<meta http-equiv="Content-Type" content="text/html;charset=utf-8" />
  <meta name='ocr-system' content='tesseract 3.04.00' />
  <meta name='ocr-capabilities' content='ocr_page ocr_carea ocr_par ocr_line ocrx_word'/>
</head>
<body>
  <div class='ocr_page' id='page_1' title='image "./deexterioriseti00davigoog_0137.png"; bbox 0 0 2792 4318; ppageno 0'>
   <div class='ocr_carea' id='block_1_1' title="bbox 289 246 913 312">
    <p class='ocr_par' dir='ltr' id='par_1_1' title="bbox 289 246 913 312">
     <span class='ocr_line' id='line_1_1' title="bbox 289 246 913 312; baseline 0 -2"><span class='ocrx_word' id='word_1_1' title='bbox 289 246 330 310; x_wconf 66' lang='lat'>99</span> <span class='ocrx_word' id='word_1_2' title='bbox 629 264 718 312; x_wconf 80' lang='lat' dir='ltr'>cisun</span> <span class='ocrx_word' id='word_1_3' title='bbox 742 264 913 312; x_wconf 84' lang='lat' dir='ltr'>sucunoos.</span> 
     </span>
    </p>
   </div>
   <div class='ocr_carea' id='block_1_2' title="bbox 288 365 1244 667">
    <p class='ocr_par' dir='ltr' id='par_1_2' title="bbox 288 365 1244 667">
     <span class='ocr_line' id='line_1_2' title="bbox 289 365 1243 454; baseline -0.002 -20"><span class='ocrx_word' id='word_1_4' title='bbox 289 366 375 434; x_wconf 83' lang='lat' dir='ltr'>lione</span> <span class='ocrx_word' id='word_1_5' title='bbox 391 367 440 434; x_wconf 87' lang='lat' dir='ltr'>uel</span> <span class='ocrx_word' id='word_1_6' title='bbox 464 367 636 434; x_wconf 86' lang='lat' dir='ltr'>intellectu.</span> <span class='ocrx_word' id='word_1_7' title='bbox 661 367 815 436; x_wconf 88' lang='lat' dir='ltr'>Voluntas</span> <span class='ocrx_word' id='word_1_8' title='bbox 839 376 887 434; x_wconf 91' lang='lat' dir='ltr'>est</span> <span class='ocrx_word' id='word_1_9' title='bbox 911 367 941 434; x_wconf 92' lang='lat' dir='ltr'>in</span> <span class='ocrx_word' id='word_1_10' title='bbox 958 367 1065 433; x_wconf 89' lang='lat' dir='ltr'>anima</span> <span class='ocrx_word' id='word_1_11' title='bbox 1081 367 1169 454; x_wconf 82' lang='lat' dir='ltr'><strong>quasi</strong></span> <span class='ocrx_word' id='word_1_12' title='bbox 1192 365 1243 433; x_wconf 89' lang='lat' dir='ltr'>im·</span> 
     </span>
     <span class='ocr_line' id='line_1_3' title="bbox 288 473 1244 560; baseline -0.003 -19"><span class='ocrx_word' id='word_1_13' title='bbox 288 491 414 560; x_wconf 85' lang='lat' dir='ltr'>perans,</span> <span class='ocrx_word' id='word_1_14' title='bbox 438 474 519 540; x_wconf 87' lang='lat' dir='ltr'>ralio</span> <span class='ocrx_word' id='word_1_15' title='bbox 545 491 619 541; x_wconf 88' lang='lat' dir='ltr'>vero</span> <span class='ocrx_word' id='word_1_16' title='bbox 642 475 733 560; x_wconf 85' lang='lat' dir='ltr'>quasi</span> <span class='ocrx_word' id='word_1_17' title='bbox 759 475 886 554; x_wconf 72' lang='lat' dir='ltr'>docens</span> <span class='ocrx_word' id='word_1_18' title='bbox 911 473 1066 541; x_wconf 82' lang='lat' dir='ltr'>memoria</span> <span class='ocrx_word' id='word_1_19' title='bbox 1089 473 1175 558; x_wconf 83' lang='lat' dir='ltr'><strong>quasi</strong></span> <span class='ocrx_word' id='word_1_20' title='bbox 1193 473 1244 540; x_wconf 90' lang='lat' dir='ltr'>mi·</span> 
     </span>
     <span class='ocr_line' id='line_1_4' title="bbox 288 580 1218 667; baseline -0.005 -19"><span class='ocrx_word' id='word_1_21' title='bbox 288 580 427 648; x_wconf 87' lang='lat' dir='ltr'>nistrans</span> <span class='ocrx_word' id='word_1_22' title='bbox 450 580 589 667; x_wconf 86' lang='lat' dir='ltr'>utrique,</span> <span class='ocrx_word' id='word_1_23' title='bbox 613 581 657 646; x_wconf 91' lang='lat' dir='ltr'>illi</span> <span class='ocrx_word' id='word_1_24' title='bbox 682 580 759 666; x_wconf 86' lang='lat' dir='ltr'>quid</span> <span class='ocrx_word' id='word_1_25' title='bbox 784 581 903 660; x_wconf 85' lang='lat' dir='ltr'>iubeat,</span> <span class='ocrx_word' id='word_1_26' title='bbox 926 581 978 648; x_wconf 89' lang='lat' dir='ltr'>isti</span> <span class='ocrx_word' id='word_1_27' title='bbox 1002 581 1078 666; x_wconf 86' lang='lat' dir='ltr'>quid</span> <span class='ocrx_word' id='word_1_28' title='bbox 1104 581 1218 648; x_wconf 87' lang='lat' dir='ltr'>doceal.</span> 
     </span>
    </p>
   </div>
   <div class='ocr_carea' id='block_1_3' title="bbox 648 811 892 877">
    <p class='ocr_par' dir='ltr' id='par_1_3' title="bbox 648 811 892 877">
     <span class='ocr_line' id='line_1_5' title="bbox 648 811 892 877; baseline 0 -1"><span class='ocrx_word' id='word_1_29' title='bbox 648 811 833 877; x_wconf 75' lang='lat' dir='ltr'>cernuntur</span> <span class='ocrx_word' id='word_1_30' title='bbox 856 811 892 877; x_wconf 89' lang='grc' dir='ltr'>Χ.</span> 
     </span>
    </p>
   </div>
   <div class='ocr_carea' id='block_1_4' title="bbox 378 1002 1164 1199">
    <p class='ocr_par' dir='ltr' id='par_1_4' title="bbox 378 1002 1164 1199">
     <span class='ocr_line' id='line_1_6' title="bbox 378 1002 1164 1092; baseline 0.001 -22"><span class='ocrx_word' id='word_1_31' title='bbox 378 1002 592 1092; x_wconf 72' lang='lat' dir='ltr'>deformatae</span> <span class='ocrx_word' id='word_1_32' title='bbox 614 1013 694 1072; x_wconf 84' lang='lat' dir='ltr'>sunl</span> <span class='ocrx_word' id='word_1_33' title='bbox 716 1005 893 1072; x_wconf 76' lang='lat' dir='ltr'><strong><em>naturales</em></strong></span> <span class='ocrx_word' id='word_1_34' title='bbox 915 1005 1006 1071; x_wconf 82' lang='lat' dir='ltr'>uires</span> <span class='ocrx_word' id='word_1_35' title='bbox 1028 1004 1164 1072; x_wconf 84' lang='lat' dir='ltr'>animae</span> 
     </span>
     <span class='ocr_line' id='line_1_7' title="bbox 566 1108 974 1199; baseline 0 -21"><span class='ocrx_word' id='word_1_36' title='bbox 566 1120 597 1178; x_wconf 89' lang='lat' dir='ltr'>et</span> <span class='ocrx_word' id='word_1_37' title='bbox 619 1119 728 1178; x_wconf 79' lang='lat' dir='ltr'>motos</span> <span class='ocrx_word' id='word_1_38' title='bbox 751 1108 974 1199; x_wconf 82' lang='lat' dir='ltr'>affectionem.</span> 
     </span>
    </p>
   </div>
   <div class='ocr_carea' id='block_1_5' title="bbox 380 1323 1248 1410">
    <p class='ocr_par' dir='ltr' id='par_1_5' title="bbox 380 1307 1362 1410">
     <span class='ocr_line' id='line_1_8' title="bbox 380 1323 1248 1410; baseline -0.003 -20"><span class='ocrx_word' id='word_1_39' title='bbox 380 1327 408 1390; x_wconf 92' lang='lat' dir='ltr'>l.</span> <span class='ocrx_word' id='word_1_40' title='bbox 433 1323 521 1392; x_wconf 89' lang='lat' dir='ltr'>Nunc</span> <span class='ocrx_word' id='word_1_41' title='bbox 545 1342 622 1392; x_wconf 87' lang='lat' dir='ltr'>vero</span> <span class='ocrx_word' id='word_1_42' title='bbox 645 1325 785 1391; x_wconf 86' lang='lat' dir='ltr'>breviter</span> <span class='ocrx_word' id='word_1_43' title='bbox 810 1325 960 1410; x_wconf 75' lang='lat' dir='ltr'>intellige,</span> <span class='ocrx_word' id='word_1_44' title='bbox 980 1325 1140 1410; x_wconf 86' lang='lat' dir='ltr'>quomodo</span> <span class='ocrx_word' id='word_1_45' title='bbox 1162 1332 1248 1392; x_wconf 87' lang='lat' dir='ltr'>nalu-</span> 
     </span>
    </p>
   </div>
   <div class='ocr_carea' id='block_1_6' title="bbox 287 1431 1249 1817">
    <p class='ocr_par' dir='ltr' id='par_1_6' title="bbox 287 1431 1249 1817">
     <span class='ocr_line' id='line_1_9' title="bbox 289 1431 1248 1499; baseline 0.001 -2"><span class='ocrx_word' id='word_1_46' title='bbox 289 1431 372 1498; x_wconf 87' lang='lat' dir='ltr'>rales</span> <span class='ocrx_word' id='word_1_47' title='bbox 397 1431 481 1498; x_wconf 88' lang='lat' dir='ltr'>vires</span> <span class='ocrx_word' id='word_1_48' title='bbox 500 1432 624 1499; x_wconf 85' lang='lat' dir='ltr'>animae</span> <span class='ocrx_word' id='word_1_49' title='bbox 645 1439 677 1498; x_wconf 90' lang='lat' dir='ltr'>et</span> <span class='ocrx_word' id='word_1_50' title='bbox 700 1439 804 1497; x_wconf 75' lang='lat' dir='ltr'>anolus</span> <span class='ocrx_word' id='word_1_51' title='bbox 827 1431 1028 1499; x_wconf 81' lang='lat' dir='ltr'>allectionuin</span> <span class='ocrx_word' id='word_1_52' title='bbox 1054 1432 1086 1498; x_wconf 93' lang='lat' dir='ltr'>in</span> <span class='ocrx_word' id='word_1_53' title='bbox 1104 1431 1177 1498; x_wconf 86' lang='lat' dir='ltr'>vilia</span> <span class='ocrx_word' id='word_1_54' title='bbox 1200 1431 1248 1498; x_wconf 75' lang='lat' dir='ltr'>de</span> 
     </span>
     <span class='ocr_line' id='line_1_10' title="bbox 287 1535 1249 1626; baseline 0 -22"><span class='ocrx_word' id='word_1_55' title='bbox 287 1535 457 1626; x_wconf 77' lang='lat' dir='ltr'>formatae</span> <span class='ocrx_word' id='word_1_56' title='bbox 479 1547 564 1618; x_wconf 90' lang='lat' dir='ltr'>sunl,</span> <span class='ocrx_word' id='word_1_57' title='bbox 579 1546 611 1604; x_wconf 90' lang='lat' dir='ltr'>et</span> <span class='ocrx_word' id='word_1_58' title='bbox 626 1537 673 1604; x_wconf 86' lang='lat' dir='ltr'>od</span> <span class='ocrx_word' id='word_1_59' title='bbox 688 1537 771 1626; x_wconf 84' lang='lat' dir='ltr'>quid</span> <span class='ocrx_word' id='word_1_60' title='bbox 793 1537 893 1604; x_wconf 79' lang='lat' dir='ltr'>dolce</span> <span class='ocrx_word' id='word_1_61' title='bbox 916 1537 979 1604; x_wconf 90' lang='lat' dir='ltr'>sint</span> <span class='ocrx_word' id='word_1_62' title='bbox 996 1537 1126 1616; x_wconf 87' lang='lat' dir='ltr'>homini,</span> <span class='ocrx_word' id='word_1_63' title='bbox 1143 1545 1249 1623; x_wconf 88' lang='lat' dir='ltr'>postea</span> 
     </span>
     <span class='ocr_line' id='line_1_11' title="bbox 288 1643 1249 1730; baseline -0.001 -20"><span class='ocrx_word' id='word_1_64' title='bbox 288 1643 395 1730; x_wconf 89' lang='lat' dir='ltr'>aliqua</span> <span class='ocrx_word' id='word_1_65' title='bbox 429 1644 578 1710; x_wconf 81' lang='lat' dir='ltr'>remedio</span> <span class='ocrx_word' id='word_1_66' title='bbox 612 1645 813 1729; x_wconf 83' lang='lat' dir='ltr'>singulorum</span> <span class='ocrx_word' id='word_1_67' title='bbox 850 1643 999 1711; x_wconf 86' lang='lat' dir='ltr'>viliorum</span> <span class='ocrx_word' id='word_1_68' title='bbox 1029 1643 1249 1730; x_wconf 83' lang='lat' dir='ltr'>subiungenda</span> 
     </span>
     <span class='ocr_line' id='line_1_12' title="bbox 289 1750 721 1817; baseline 0 -1"><span class='ocrx_word' id='word_1_69' title='bbox 289 1758 363 1816; x_wconf 90' lang='lat' dir='ltr'>sunt</span> <span class='ocrx_word' id='word_1_70' title='bbox 386 1758 417 1817; x_wconf 90' lang='lat' dir='ltr'>et</span> <span class='ocrx_word' id='word_1_71' title='bbox 439 1750 603 1816; x_wconf 83' lang='lat' dir='ltr'>virtutum</span> <span class='ocrx_word' id='word_1_72' title='bbox 628 1751 721 1816; x_wconf 87' lang='lat' dir='ltr'>ordo.</span> 
     </span>
    </p>
   </div>
   <div class='ocr_carea' id='block_1_7' title="bbox 378 1833 1363 1926">
    <p class='ocr_par' dir='ltr' id='par_1_7' title="bbox 378 1833 1363 1926">
     <span class='ocr_line' id='line_1_13' title="bbox 378 1833 1363 1926; baseline -0.001 -3"><span class='ocrx_word' id='word_1_73' title='bbox 378 1859 409 1923; x_wconf 81' lang='lat' dir='ltr'>a.</span> <span class='ocrx_word' id='word_1_74' title='bbox 440 1857 597 1924; x_wconf 72' lang='lat' dir='ltr'>uolontas</span> <span class='ocrx_word' id='word_1_75' title='bbox 620 1858 699 1924; x_wconf 76' lang='lat' dir='ltr'>nucu</span> <span class='ocrx_word' id='word_1_76' title='bbox 724 1858 836 1925; x_wconf 78' lang='lat' dir='ltr'>neuun</span> <span class='ocrx_word' id='word_1_77' title='bbox 859 1876 929 1926; x_wconf 78' lang='lat' dir='ltr'>esse</span> <span class='ocrx_word' id='word_1_78' title='bbox 952 1857 1247 1926; x_wconf 64' lang='lat' dir='ltr'>susannense</span> <span class='ocrx_word' id='word_1_79' title='bbox 1362 1833 1363 1878; x_wconf 69' lang='lat'>¹</span> 
     </span>
    </p>
   </div>
   <div class='ocr_carea' id='block_1_8' title="bbox 249 1961 1249 2264">
    <p class='ocr_par' dir='ltr' id='par_1_8' title="bbox 249 1961 1249 2264">
     <span class='ocr_line' id='line_1_14' title="bbox 249 1961 1249 2050; baseline 0.002 -22"><span class='ocrx_word' id='word_1_80' title='bbox 249 1961 253 1968; x_wconf 86' lang='lat'>&#39;</span> <span class='ocrx_word' id='word_1_81' title='bbox 289 1963 364 2043; x_wconf 88' lang='lat' dir='ltr'>Deo,</span> <span class='ocrx_word' id='word_1_82' title='bbox 388 1981 446 2031; x_wconf 89' lang='lat' dir='ltr'>nec</span> <span class='ocrx_word' id='word_1_83' title='bbox 469 1972 574 2031; x_wconf 87' lang='lat' dir='ltr'>lamen</span> <span class='ocrx_word' id='word_1_84' title='bbox 600 1964 659 2031; x_wconf 88' lang='lat' dir='ltr'>hoc</span> <span class='ocrx_word' id='word_1_85' title='bbox 690 1971 807 2044; x_wconf 82' lang='lat' dir='ltr'>coacte,</span> <span class='ocrx_word' id='word_1_86' title='bbox 837 1964 892 2032; x_wconf 93' lang='lat' dir='ltr'>sed</span> <span class='ocrx_word' id='word_1_87' title='bbox 925 1972 1047 2049; x_wconf 87' lang='lat' dir='ltr'>sponte,</span> <span class='ocrx_word' id='word_1_88' title='bbox 1079 1972 1115 2030; x_wconf 89' lang='lat' dir='ltr'>ul</span> <span class='ocrx_word' id='word_1_89' title='bbox 1146 1971 1249 2050; x_wconf 89' lang='lat' dir='ltr'>posset</span> 
     </span>
     <span class='ocr_line' id='line_1_15' title="bbox 289 2071 1249 2160; baseline -0.001 -23"><span class='ocrx_word' id='word_1_90' title='bbox 289 2071 316 2137; x_wconf 89' lang='lat' dir='ltr'>ei</span> <span class='ocrx_word' id='word_1_91' title='bbox 341 2071 380 2138; x_wconf 93' lang='lat' dir='ltr'>ad</span> <span class='ocrx_word' id='word_1_92' title='bbox 407 2072 556 2160; x_wconf 80' lang='lat' dir='ltr'>meritum</span> <span class='ocrx_word' id='word_1_93' title='bbox 581 2072 743 2158; x_wconf 87' lang='lat' dir='ltr'>reputari;</span> <span class='ocrx_word' id='word_1_94' title='bbox 778 2080 811 2139; x_wconf 89' lang='lat' dir='ltr'>el</span> <span class='ocrx_word' id='word_1_95' title='bbox 834 2072 876 2138; x_wconf 89' lang='lat' dir='ltr'>ita</span> <span class='ocrx_word' id='word_1_96' title='bbox 911 2079 1035 2158; x_wconf 85' lang='lat' dir='ltr'>poterat</span> <span class='ocrx_word' id='word_1_97' title='bbox 1057 2089 1189 2158; x_wconf 87' lang='lat' dir='ltr'>peccare</span> <span class='ocrx_word' id='word_1_98' title='bbox 1219 2077 1249 2138; x_wconf 88' lang='lat' dir='ltr'>et</span> 
     </span>
     <span class='ocr_line' id='line_1_16' title="bbox 289 2178 1249 2264; baseline -0.001 -21"><span class='ocrx_word' id='word_1_99' title='bbox 289 2195 351 2244; x_wconf 94' lang='lat' dir='ltr'>non</span> <span class='ocrx_word' id='word_1_100' title='bbox 377 2195 517 2263; x_wconf 86' lang='lat' dir='ltr'>peccare,</span> <span class='ocrx_word' id='word_1_101' title='bbox 541 2197 602 2244; x_wconf 96' lang='lat' dir='ltr'>non</span> <span class='ocrx_word' id='word_1_102' title='bbox 628 2178 668 2245; x_wconf 92' lang='lat' dir='ltr'>ad</span> <span class='ocrx_word' id='word_1_103' title='bbox 695 2178 764 2258; x_wconf 89' lang='lat' dir='ltr'>hoc,</span> <span class='ocrx_word' id='word_1_104' title='bbox 788 2185 825 2244; x_wconf 91' lang='lat' dir='ltr'>ut</span> <span class='ocrx_word' id='word_1_105' title='bbox 849 2185 1004 2264; x_wconf 81' lang='lat' dir='ltr'>peccaret,</span> <span class='ocrx_word' id='word_1_106' title='bbox 1036 2195 1109 2244; x_wconf 88' lang='lat' dir='ltr'>cum</span> <span class='ocrx_word' id='word_1_107' title='bbox 1135 2185 1249 2262; x_wconf 86' lang='lat' dir='ltr'>posset,</span> 
     </span>
    </p>
   </div>
   <div class='ocr_carea' id='block_1_9' title="bbox 290 2283 1364 2369">
    <p class='ocr_par' dir='ltr' id='par_1_9' title="bbox 290 2283 1364 2369">
     <span class='ocr_line' id='line_1_17' title="bbox 290 2283 1364 2369; baseline 0 -20"><span class='ocrx_word' id='word_1_108' title='bbox 290 2284 344 2350; x_wconf 89' lang='lat' dir='ltr'>sad</span> <span class='ocrx_word' id='word_1_109' title='bbox 369 2283 504 2364; x_wconf 88' lang='lat' dir='ltr'>adhoc,</span> <span class='ocrx_word' id='word_1_110' title='bbox 522 2292 567 2362; x_wconf 86' lang='lat' dir='ltr'>ot,</span> <span class='ocrx_word' id='word_1_111' title='bbox 588 2284 612 2351; x_wconf 91' lang='lat' dir='ltr'>si</span> <span class='ocrx_word' id='word_1_112' title='bbox 638 2302 699 2350; x_wconf 93' lang='lat' dir='ltr'>non</span> <span class='ocrx_word' id='word_1_113' title='bbox 718 2291 872 2369; x_wconf 82' lang='lat' dir='ltr'>peccaret,</span> <span class='ocrx_word' id='word_1_114' title='bbox 889 2301 963 2350; x_wconf 82' lang='lat' dir='ltr'>curn</span> <span class='ocrx_word' id='word_1_115' title='bbox 989 2291 1104 2368; x_wconf 90' lang='lat' dir='ltr'>posset,</span> <span class='ocrx_word' id='word_1_116' title='bbox 1127 2301 1170 2350; x_wconf 82' lang='lat' dir='ltr'>ex</span> <span class='ocrx_word' id='word_1_117' title='bbox 1192 2283 1249 2349; x_wconf 87' lang='lat' dir='ltr'>hoc</span> <span class='ocrx_word' id='word_1_118' title='bbox 1363 2333 1364 2368; x_wconf 65' lang='lat'>3</span> 
     </span>
    </p>
   </div>
   <div class='ocr_carea' id='block_1_10' title="bbox 289 2387 1250 3225">
    <p class='ocr_par' dir='ltr' id='par_1_10' title="bbox 289 2387 1250 3225">
     <span class='ocr_line' id='line_1_18' title="bbox 289 2387 1249 2477; baseline -0.002 -22"><span class='ocrx_word' id='word_1_119' title='bbox 289 2388 460 2457; x_wconf 88' lang='lat' dir='ltr'>laudabilis</span> <span class='ocrx_word' id='word_1_120' title='bbox 484 2389 573 2457; x_wconf 88' lang='lat' dir='ltr'>lieret</span> <span class='ocrx_word' id='word_1_121' title='bbox 596 2397 627 2457; x_wconf 89' lang='lat' dir='ltr'>el</span> <span class='ocrx_word' id='word_1_122' title='bbox 650 2390 746 2475; x_wconf 82' lang='lat' dir='ltr'>digna</span> <span class='ocrx_word' id='word_1_123' title='bbox 777 2391 920 2477; x_wconf 88' lang='lat' dir='ltr'>praemio</span> <span class='ocrx_word' id='word_1_124' title='bbox 943 2389 1029 2475; x_wconf 88' lang='lat' dir='ltr'>apud</span> <span class='ocrx_word' id='word_1_125' title='bbox 1064 2389 1177 2468; x_wconf 86' lang='lat' dir='ltr'>Deum,</span> <span class='ocrx_word' id='word_1_126' title='bbox 1201 2387 1249 2455; x_wconf 88' lang='lat' dir='ltr'>vel</span> 
     </span>
     <span class='ocr_line' id='line_1_19' title="bbox 290 2494 1249 2582; baseline -0.002 -20"><span class='ocrx_word' id='word_1_127' title='bbox 290 2496 316 2562; x_wconf 93' lang='lat' dir='ltr'>si</span> <span class='ocrx_word' id='word_1_128' title='bbox 340 2505 451 2582; x_wconf 87' lang='lat' dir='ltr'>sponte</span> <span class='ocrx_word' id='word_1_129' title='bbox 476 2504 629 2581; x_wconf 84' lang='lat' dir='ltr'>peccaret,</span> <span class='ocrx_word' id='word_1_130' title='bbox 653 2505 736 2564; x_wconf 85' lang='lat' dir='ltr'>esset</span> <span class='ocrx_word' id='word_1_131' title='bbox 760 2496 856 2582; x_wconf 81' lang='lat' dir='ltr'>digna</span> <span class='ocrx_word' id='word_1_132' title='bbox 879 2495 1063 2577; x_wconf 76' lang='lat' dir='ltr'>confusione</span> <span class='ocrx_word' id='word_1_133' title='bbox 1079 2504 1111 2562; x_wconf 89' lang='lat' dir='ltr'>et</span> <span class='ocrx_word' id='word_1_134' title='bbox 1135 2494 1249 2580; x_wconf 90' lang='lat' dir='ltr'>suppli·</span> 
     </span>
     <span class='ocr_line' id='line_1_20' title="bbox 289 2602 1248 2690; baseline -0.003 -20"><span class='ocrx_word' id='word_1_135' title='bbox 289 2602 356 2682; x_wconf 90' lang='lat' dir='ltr'>ciis,</span> <span class='ocrx_word' id='word_1_136' title='bbox 380 2603 574 2681; x_wconf 69' lang='lat' dir='ltr'>cum&#39;sciret,</span> <span class='ocrx_word' id='word_1_137' title='bbox 598 2603 683 2690; x_wconf 89' lang='lat' dir='ltr'>quod</span> <span class='ocrx_word' id='word_1_138' title='bbox 710 2621 771 2670; x_wconf 94' lang='lat' dir='ltr'>non</span> <span class='ocrx_word' id='word_1_139' title='bbox 792 2603 923 2670; x_wconf 86' lang='lat' dir='ltr'>deberet</span> <span class='ocrx_word' id='word_1_140' title='bbox 947 2620 1079 2688; x_wconf 88' lang='lat' dir='ltr'>peccare</span> <span class='ocrx_word' id='word_1_141' title='bbox 1095 2610 1126 2668; x_wconf 90' lang='lat' dir='ltr'>et</span> <span class='ocrx_word' id='word_1_142' title='bbox 1142 2609 1248 2688; x_wconf 85' lang='lat' dir='ltr'>posset</span> 
     </span>
     <span class='ocr_line' id='line_1_21' title="bbox 289 2711 1248 2796; baseline -0.002 -20"><span class='ocrx_word' id='word_1_143' title='bbox 289 2711 400 2778; x_wconf 84' lang='lat' dir='ltr'>uitare.</span> <span class='ocrx_word' id='word_1_144' title='bbox 436 2749 478 2758; x_wconf 93' lang='lat'>—</span> <span class='ocrx_word' id='word_1_145' title='bbox 514 2711 601 2791; x_wconf 85' lang='lat' dir='ltr'>ltern,</span> <span class='ocrx_word' id='word_1_146' title='bbox 624 2729 697 2778; x_wconf 85' lang='lat' dir='ltr'>cum</span> <span class='ocrx_word' id='word_1_147' title='bbox 722 2711 804 2778; x_wconf 84' lang='lat' dir='ltr'>lacta</span> <span class='ocrx_word' id='word_1_148' title='bbox 827 2719 911 2779; x_wconf 87' lang='lat' dir='ltr'>esset</span> <span class='ocrx_word' id='word_1_149' title='bbox 935 2711 1052 2790; x_wconf 73' lang='lat' dir='ltr'>aniana,</span> <span class='ocrx_word' id='word_1_150' title='bbox 1076 2718 1113 2777; x_wconf 87' lang='lat' dir='ltr'>ul</span> <span class='ocrx_word' id='word_1_151' title='bbox 1148 2726 1248 2796; x_wconf 82' lang='lat' dir='ltr'>capax</span> 
     </span>
     <span class='ocr_line' id='line_1_22' title="bbox 289 2816 1249 2904; baseline -0.006 -18"><span class='ocrx_word' id='word_1_152' title='bbox 289 2827 373 2886; x_wconf 87' lang='lat' dir='ltr'>esset</span> <span class='ocrx_word' id='word_1_153' title='bbox 395 2835 540 2884; x_wconf 86' lang='lat' dir='ltr'>summae</span> <span class='ocrx_word' id='word_1_154' title='bbox 566 2817 781 2898; x_wconf 81' lang='lat' dir='ltr'>beatitudinis,</span> <span class='ocrx_word' id='word_1_155' title='bbox 806 2817 836 2883; x_wconf 93' lang='lat' dir='ltr'>in</span> <span class='ocrx_word' id='word_1_156' title='bbox 860 2835 922 2904; x_wconf 89' lang='lat' dir='ltr'>qua</span> <span class='ocrx_word' id='word_1_157' title='bbox 941 2816 1075 2884; x_wconf 87' lang='lat' dir='ltr'>haberet</span> <span class='ocrx_word' id='word_1_158' title='bbox 1090 2831 1249 2883; x_wconf 86' lang='lat' dir='ltr'>summam</span> 
     </span>
     <span class='ocr_line' id='line_1_23' title="bbox 289 2923 1250 3011; baseline -0.005 -19"><span class='ocrx_word' id='word_1_159' title='bbox 289 2925 422 3011; x_wconf 81' lang='lat' dir='ltr'>gloriam</span> <span class='ocrx_word' id='word_1_160' title='bbox 447 2933 478 2992; x_wconf 89' lang='lat' dir='ltr'>el</span> <span class='ocrx_word' id='word_1_161' title='bbox 501 2941 660 2991; x_wconf 88' lang='lat' dir='ltr'>summam</span> <span class='ocrx_word' id='word_1_162' title='bbox 682 2924 923 2992; x_wconf 88' lang='lat' dir='ltr'>delectationem</span> <span class='ocrx_word' id='word_1_163' title='bbox 956 2925 987 2990; x_wconf 91' lang='lat' dir='ltr'>in</span> <span class='ocrx_word' id='word_1_164' title='bbox 1014 2923 1087 3002; x_wconf 81' lang='lat' dir='ltr'>uec,</span> <span class='ocrx_word' id='word_1_165' title='bbox 1116 2924 1171 3009; x_wconf 83' lang='lat' dir='ltr'>qui</span> <span class='ocrx_word' id='word_1_166' title='bbox 1203 2928 1250 2990; x_wconf 89' lang='lat' dir='ltr'>esl</span> 
     </span>
     <span class='ocr_line' id='line_1_24' title="bbox 289 3029 1249 3115; baseline -0.004 -17"><span class='ocrx_word' id='word_1_167' title='bbox 289 3049 365 3099; x_wconf 85' lang='lat' dir='ltr'>vera</span> <span class='ocrx_word' id='word_1_168' title='bbox 381 3038 413 3099; x_wconf 89' lang='lat' dir='ltr'>et</span> <span class='ocrx_word' id='word_1_169' title='bbox 436 3049 562 3098; x_wconf 86' lang='lat' dir='ltr'>summa</span> <span class='ocrx_word' id='word_1_170' title='bbox 587 3032 749 3098; x_wconf 80' lang='lat' dir='ltr'>beatitudo</span> <span class='ocrx_word' id='word_1_171' title='bbox 757 3055 766 3110; x_wconf 95' lang='lat'>;</span> <span class='ocrx_word' id='word_1_172' title='bbox 790 3031 885 3100; x_wconf 88' lang='lat' dir='ltr'>datus</span> <span class='ocrx_word' id='word_1_173' title='bbox 908 3031 967 3099; x_wconf 86' lang='lat' dir='ltr'>luit</span> <span class='ocrx_word' id='word_1_174' title='bbox 987 3031 1112 3097; x_wconf 89' lang='lat' dir='ltr'>animae</span> <span class='ocrx_word' id='word_1_175' title='bbox 1128 3029 1249 3115; x_wconf 83' lang='lat' dir='ltr'>duplex</span> 
     </span>
     <span class='ocr_line' id='line_1_25' title="bbox 289 3137 1250 3225; baseline -0.004 -19"><span class='ocrx_word' id='word_1_176' title='bbox 289 3140 449 3225; x_wconf 79' lang='lat' dir='ltr'>appetitus</span> <span class='ocrx_word' id='word_1_177' title='bbox 465 3137 643 3206; x_wconf 75' lang='lat' dir='ltr'>natiualis¹</span> <span class='ocrx_word' id='word_1_178' title='bbox 662 3138 701 3205; x_wconf 92' lang='lat' dir='ltr'>ad</span> <span class='ocrx_word' id='word_1_179' title='bbox 715 3139 838 3218; x_wconf 77' lang='lat' dir='ltr'>honul</span> <span class='ocrx_word' id='word_1_180' title='bbox 855 3139 914 3206; x_wconf 87' lang='lat' dir='ltr'>ista</span> <span class='ocrx_word' id='word_1_181' title='bbox 926 3137 1124 3205; x_wconf 79' lang='lat' dir='ltr'>desideraret</span> <span class='ocrx_word' id='word_1_182' title='bbox 1140 3145 1171 3204; x_wconf 86' lang='lat' dir='ltr'>et</span> <span class='ocrx_word' id='word_1_183' title='bbox 1188 3144 1250 3204; x_wconf 89' lang='lat' dir='ltr'>stu·</span> 
     </span>
    </p>
   </div>
   <div class='ocr_carea' id='block_1_11' title="bbox 173 3235 1250 3325">
    <p class='ocr_par' dir='ltr' id='par_1_11' title="bbox 173 3235 1250 3325">
     <span class='ocr_line' id='line_1_26' title="bbox 173 3235 1250 3325; baseline -0.003 -14"><span class='ocrx_word' id='word_1_184' title='bbox 173 3235 186 3247; x_wconf 82' lang='grc'>”</span> <span class='ocrx_word' id='word_1_185' title='bbox 290 3244 381 3311; x_wconf 88' lang='lat' dir='ltr'>deret</span> <span class='ocrx_word' id='word_1_186' title='bbox 403 3245 555 3325; x_wconf 89' lang='lat' dir='ltr'>obtinere,</span> <span class='ocrx_word' id='word_1_187' title='bbox 578 3253 610 3311; x_wconf 90' lang='lat' dir='ltr'>et</span> <span class='ocrx_word' id='word_1_188' title='bbox 633 3261 705 3311; x_wconf 87' lang='lat' dir='ltr'>com</span> <span class='ocrx_word' id='word_1_189' title='bbox 730 3244 929 3324; x_wconf 80' lang='lat' dir='ltr'>obtinuisset,</span> <span class='ocrx_word' id='word_1_190' title='bbox 957 3252 1044 3311; x_wconf 87' lang='lat' dir='ltr'>tanto</span> <span class='ocrx_word' id='word_1_191' title='bbox 1079 3243 1250 3310; x_wconf 87' lang='lat' dir='ltr'>iucundius</span> 
     </span>
    </p>
   </div>
   <div class='ocr_carea' id='block_1_12' title="bbox 289 3348 1250 3545">
    <p class='ocr_par' dir='ltr' id='par_1_12' title="bbox 289 3348 1250 3545">
     <span class='ocr_line' id='line_1_27' title="bbox 289 3348 1250 3438; baseline -0.001 -23"><span class='ocrx_word' id='word_1_192' title='bbox 289 3351 476 3437; x_wconf 81' lang='lat' dir='ltr'>possideret,</span> <span class='ocrx_word' id='word_1_193' title='bbox 499 3360 619 3438; x_wconf 86' lang='lat' dir='ltr'>quanto</span> <span class='ocrx_word' id='word_1_194' title='bbox 642 3351 807 3419; x_wconf 88' lang='lat' dir='ltr'>ardentius</span> <span class='ocrx_word' id='word_1_195' title='bbox 835 3350 1044 3437; x_wconf 85' lang='lat' dir='ltr'>concupisset</span> <span class='ocrx_word' id='word_1_196' title='bbox 1070 3349 1169 3416; x_wconf 81' lang='lat' dir='ltr'>Datus</span> <span class='ocrx_word' id='word_1_197' title='bbox 1192 3348 1250 3414; x_wconf 84' lang='lat' dir='ltr'>lull</span> 
     </span>
     <span class='ocr_line' id='line_1_28' title="bbox 289 3455 1250 3545; baseline -0.003 -21"><span class='ocrx_word' id='word_1_198' title='bbox 289 3457 318 3524; x_wconf 92' lang='lat' dir='ltr'>ei</span> <span class='ocrx_word' id='word_1_199' title='bbox 342 3458 503 3543; x_wconf 86' lang='lat' dir='ltr'>appetitus</span> <span class='ocrx_word' id='word_1_200' title='bbox 522 3457 654 3545; x_wconf 82' lang='lat' dir='ltr'>ploriae</span> <span class='ocrx_word' id='word_1_201' title='bbox 677 3457 759 3537; x_wconf 87' lang='lat' dir='ltr'>talis,</span> <span class='ocrx_word' id='word_1_202' title='bbox 783 3465 819 3525; x_wconf 88' lang='lat' dir='ltr'>ul</span> <span class='ocrx_word' id='word_1_203' title='bbox 835 3457 924 3525; x_wconf 90' lang='lat' dir='ltr'>nulla</span> <span class='ocrx_word' id='word_1_204' title='bbox 940 3455 1102 3524; x_wconf 86' lang='lat' dir='ltr'>sufficeret</span> <span class='ocrx_word' id='word_1_205' title='bbox 1117 3455 1146 3523; x_wconf 86' lang='lat' dir='ltr'>ei</span> <span class='ocrx_word' id='word_1_206' title='bbox 1163 3471 1250 3542; x_wconf 85' lang='lat' dir='ltr'>prae</span> 
     </span>
    </p>
   </div>
   <div class='ocr_carea' id='block_1_13' title="bbox 361 3578 650 3638">
    <p class='ocr_par' dir='ltr' id='par_1_13' title="bbox 361 3578 650 3638">
     <span class='ocr_line' id='line_1_29' title="bbox 361 3578 650 3638; baseline 0 -4"><span class='ocrx_word' id='word_1_207' title='bbox 361 3578 371 3611; x_wconf 95' lang='lat'><strong>¹</strong></span> <span class='ocrx_word' id='word_1_208' title='bbox 391 3582 460 3634; x_wconf 75' lang='lat' dir='ltr'>Alias</span> <span class='ocrx_word' id='word_1_209' title='bbox 477 3580 650 3638; x_wconf 70' lang='lat' dir='ltr'>nomrclller.</span> 
     </span>
    </p>
   </div>
   <div class='ocr_carea' id='block_1_14' title="bbox 0 0 1402 4318">
    <p class='ocr_par' dir='ltr' id='par_1_14' title="bbox 0 0 1402 4318">
     <span class='ocr_line' id='line_1_30' title="bbox 0 0 1402 4318; baseline 0 0"><span class='ocrx_word' id='word_1_210' title='bbox 0 0 1402 4318; x_wconf 95' lang='lat' dir='ltr'> </span> 
     </span>
    </p>
   </div>
  </div>
 </body>
</html>
