2792 4318
311 234 374 298 tta
650 251 741 298 traua
764 250 936 299 sedunens.

308 366 340 424 et
363 356 496 443 gloriam
522 357 553 424 in
581 355 701 438 luturo,
726 365 931 443 peccatorum
955 356 1093 436 reniam,
1119 357 1144 423 si
1168 355 1270 441 poeni·

310 469 383 544 teat,
406 470 437 529 et
461 463 668 548 temporalem
686 463 960 542 sustentationem,
975 463 1057 531 sieut
1080 463 1222 547 expedit,
1242 471 1271 529 et

309 569 527 637 liberationem
552 588 571 636 a
595 569 679 636 malo
702 577 733 636 ot
757 570 1029 637 conservationem
1054 569 1086 635 in
1112 569 1205 635 bono.
1229 603 1270 617 -

308 676 368 743 Sed
392 694 473 761 spes
497 676 591 743 modo
622 676 753 744 oonlusa
784 683 843 757 est,
867 684 903 743 ut
933 684 989 743 aut
1014 676 1120 742 minus
1143 683 1272 761 sperent

308 784 463 863 homines,
488 801 584 871 quam
609 783 736 864 debent,
761 791 817 851 aut
839 783 924 869 plus,
953 801 1049 870 quam
1076 782 1198 849 iustum
1222 781 1269 848 sit.

310 891 445 956 Tantum
477 889 641 957 conlidont
672 890 803 977 quidam
840 891 880 958 de
915 889 1056 957 bonitate
1087 889 1154 970 Dei,
1188 888 1272 974 quod

308 996 403 1063 etiam
428 995 529 1064 salvet
552 1014 607 1064 eos
631 997 663 1063 in
695 997 833 1083 pereatis
855 1005 967 1064 eontra
989 995 1143 1064 iustitiam
1167 1004 1202 1063 et
1225 1013 1272 1061 re

311 1104 435 1171 ritatem
460 1121 562 1184 suam,
588 1113 623 1170 ut
658 1104 841 1171 immundos
876 1104 1008 1171 collocet
1032 1104 1063 1168 in
1087 1101 1177 1170 eaelo
1201 1120 1272 1170 cum

308 1210 433 1295 Angelis
470 1210 698 1278 mundissimis.
735 1211 771 1277 Et
806 1227 938 1278 rursum
975 1216 1097 1277 tantum
1122 1209 1273 1277 diffidunt
1369 1203 1370 1224 ²

307 1316 437 1402 quidam
463 1316 503 1383 de
528 1316 602 1396 Deo,
626 1317 723 1403 quod,
747 1318 773 1385 si
798 1324 1037 1395 convertantur,
1052 1333 1116 1383 non
1133 1316 1215 1384 velit
1229 1317 1273 1384 eis

308 1422 386 1489 dare
417 1424 686 1509 perseverantiam
719 1425 750 1490 in
783 1424 910 1509 spirite,
934 1423 985 1491 vel
1010 1425 1273 1491 sustentationem

309 1548 367 1615 pro
390 1549 534 1616 corpore,
558 1532 648 1616 quasi
677 1532 763 1599 Deus
788 1533 945 1618 propitius
968 1532 1009 1598 sit
1032 1531 1171 1598 inimicis
1197 1531 1272 1608 suis,
1370 1589 1371 1622 3

310 1637 387 1705 dum
412 1638 443 1703 in
467 1647 598 1725 peceato
622 1647 760 1719 manent,
785 1647 816 1707 et
844 1639 1048 1725 impropitius
1071 1639 1185 1706 amieis
1209 1639 1274 1706 suis

310 1743 401 1810 iustis
417 1751 449 1810 et
465 1745 700 1829 poenitentibus
715 1753 747 1812 et
767 1746 1026 1813 convertentibus
1042 1763 1076 1813 se
1092 1745 1133 1810 ad
1150 1743 1272 1830 ipsum;

310 1856 345 1915 ut
368 1859 550 1935 peccatores
574 1860 682 1936 paseat
706 1851 880 1920 liberaliter
904 1858 935 1919 et
958 1851 1070 1932 salvet,
1101 1869 1273 1919 conversos

309 1955 436 2023 deserat
459 1964 490 2022 et
513 1955 597 2024 lame
620 1959 726 2042 perire
750 1957 851 2037 sinal;
874 1977 941 2024 non
965 1956 1092 2044 afflipet
1110 1958 1274 2025 Dominus
1371 2001 1372 2018 t

308 2060 401 2148 fame
423 2062 575 2130 animum
599 2063 683 2131 iusti
695 2063 715 2128 ¹.

625 2294 810 2363 Cnrrrunuu
833 2295 948 2363 XXVll.

499 2489 612 2571 Quare
636 2487 764 2556 domini
786 2490 887 2556 dotus
909 2487 955 2556 sit
978 2489 1087 2556 timor.

408 2698 521 2764 Tintor
532 2698 627 2766 etiam
645 2698 739 2766 datus
755 2698 815 2765 luit
831 2697 962 2779 homini,
978 2707 1014 2766 ut
1031 2698 1158 2766 timeret
1174 2699 1275 2768 Deum

263 2794 266 2800 ’
310 2811 342 2872 et
365 2806 492 2872 timeret
515 2804 556 2872 alt
579 2823 617 2873 eo
648 2805 791 2892 separari
824 2813 856 2873 et
878 2823 952 2873 eum
977 2805 1139 2874 offendere
1162 2815 1196 2874 et
1220 2825 1276 2893 pu·

311 2912 372 2978 oiri
396 2912 438 2979 ab
461 2912 530 2999 ipso
553 2921 585 2980 et
608 2913 764 2980 damnari.
781 2950 825 2962 -
842 2913 933 2981 Modo
949 2913 1039 2981 timet
1055 2921 1180 2980 tautum
1201 2921 1276 2982 tem-

310 3019 453 3106 poralem
484 3020 710 3087 adversitatem
747 3031 778 3088 et
813 3020 1050 3089 incommodum
1075 3022 1223 3108 corporis
1246 3027 1276 3088 et

311 3126 537 3194 detrimentum
562 3126 703 3208 honoris
726 3133 758 3195 et
780 3127 890 3194 lutura
912 3135 944 3194 et
959 3135 1090 3194 aeterna
1112 3127 1196 3194 mala
1212 3145 1275 3196 uon

311 3234 410 3312 timet,
434 3233 524 3319 quasi
550 3251 713 3319 nunquam
735 3233 844 3300 lutura
868 3233 940 3313 sint,
964 3240 996 3301 et
1019 3233 1109 3319 quasi
1136 3240 1275 3301 tantum·

312 3340 406 3407 modo
431 3340 534 3408 minae
566 3340 628 3407 siut
659 3341 727 3408 sine
758 3339 873 3408 ellectu
896 3340 982 3426 quod
1019 3339 1138 3408 dicitur
1161 3339 1203 3408 de
1227 3339 1274 3408 lu·

311 3456 384 3514 turo
407 3447 524 3534 iudicio
548 3458 579 3516 et
602 3449 740 3516 aeternis
763 3447 940 3535 suppliciis,
965 3446 1014 3516 vel
1037 3447 1125 3534 quod
1150 3446 1276 3516 laoilius

385 3573 392 3606 ¹
417 3574 494 3627 Prov.
514 3575 557 3641 td,
578 3575 603 3628 3.
