2808 4318
300 247 362 314 tta
636 266 725 314 nrnnn
748 265 919 314 socundus

296 371 505 438 conscientiae
528 378 560 438 et
576 373 790 458 poenitudinis
807 381 837 439 et
854 373 1047 440 confusionis
1063 379 1095 440 et
1114 373 1264 440 debitum

297 479 528 564 suppliciorum
546 488 577 546 et
594 481 697 547 meriti
715 480 953 547 detrimentum.
971 480 1058 548 Unde
1074 499 1149 547 cnm
1175 480 1265 547 deie-

297 593 454 652 ctamenta
478 587 583 653 carnis
599 594 630 654 et
649 587 758 653 mundi
782 587 915 672 appetis,
933 605 1014 672 pone
1031 588 1063 654 in
1080 587 1179 655 corde
1197 594 1265 668 tuo,

296 692 359 758 acsi
384 709 421 758 ea
445 693 508 758 iam
541 693 693 759 habueris
715 701 747 761 et
777 696 911 761 satiatus
935 695 988 774 sis,
1011 703 1043 761 et
1067 694 1148 761 hora
1174 711 1266 780 prae

299 797 429 877 teriorit,
453 787 530 884 qnia
553 799 701 884 voluptas
726 801 896 885 praeterita
920 809 969 868 est
991 801 1081 887 quasi
1100 803 1265 868 somnium

298 904 398 971 noctis
415 911 602 985 transactae,
626 907 724 972 immo
740 908 1018 993 contemptibilior,
1042 908 1119 993 quia
1145 907 1265 974 matam

296 1011 521 1078 conscientiam
550 1010 623 1079 iacit
651 1021 833 1100 perpetrata
860 1015 1018 1100 voluptas,
1043 1015 1162 1081 evitata
1188 1032 1268 1082 vero

298 1118 373 1185 facit
398 1137 545 1186 securam
569 1129 601 1187 et
625 1119 749 1187 laetam.

611 1298 795 1366 Carnunun
818 1299 941 1366 xnvtn.

352 1478 520 1560 Quomodo
545 1475 639 1543 domo
662 1498 697 1543 re
720 1476 839 1546 dobere
862 1478 976 1546 debeat
997 1480 1033 1546 in
1056 1479 1214 1547 omnibus

499 1583 744 1649 adversitatum
768 1584 1018 1652 turbationibus
1035 1587 1053 1651 ¹.

391 1763 418 1826 t.
447 1761 638 1827 Econv'erso
662 1779 738 1828 vero
762 1762 847 1829 vaiet
872 1768 982 1830 contra
997 1780 1109 1830 omnes
1125 1763 1269 1830 adversi-

299 1874 401 1933 tatum
425 1867 634 1946 turbationes,
657 1875 694 1934 nt
718 1887 816 1954 ponas
840 1870 870 1936 in
896 1869 991 1936 corde
1017 1878 1084 1950 tuo,
1108 1869 1171 1936 iam
1204 1871 1269 1938 dn-

299 1981 389 2041 rante
412 1974 615 2053 adversitate,
640 1975 725 2061 quod
750 1976 793 2042 ita
810 1976 923 2043 debeat
946 1993 1016 2043 esse
1039 1984 1071 2043 et
1085 1976 1179 2043 aliter
1195 1993 1268 2046 esse

298 2099 360 2146 non
385 2081 493 2166 possit,
518 2089 549 2148 et
574 2082 719 2147 voluntas
743 2082 798 2148 Dei
823 2081 873 2161 sit,
888 2082 975 2167 qnod
991 2081 1034 2148 ita
1050 2083 1101 2162 sit,
1125 2092 1158 2149 et
1173 2085 1267 2169 quasi

299 2187 359 2255 hoo
383 2189 590 2274 disposueris,
615 2196 651 2255 ut
675 2189 715 2254 ad
742 2189 800 2255 hoo
824 2189 989 2256 deveniret
1004 2196 1035 2255 et
1050 2190 1096 2256 sic
1111 2190 1266 2258 eveniret

299 2296 389 2380 Quod
414 2297 497 2362 enim
523 2296 659 2381 quisque
683 2303 795 2378 sponte
818 2296 968 2380 disponit,
985 2295 1059 2364 inde
1076 2297 1184 2364 minus
1201 2305 1269 2363 tur·

299 2403 404 2480 batur,
429 2403 454 2468 si
480 2404 631 2468 evenerit.
663 2440 708 2452 -
739 2402 818 2468 Cum
849 2412 957 2470 antem
992 2403 1146 2482 turbaris,
1176 2404 1266 2490 qnod

299 2527 361 2575 non
386 2509 491 2575 evenit
522 2509 607 2594 quod
631 2516 799 2594 optaveras
825 2510 872 2576 vet
909 2527 1115 2596 speraveras;
1151 2512 1267 2596 cogita,

298 2614 384 2702 qurrd
410 2614 511 2682 multa
534 2616 597 2681 alia
621 2630 681 2682 non
706 2625 891 2694 evenerunt,
914 2635 997 2702 quae
1013 2635 1167 2703 prospera
1190 2617 1268 2686 fnis-

301 2731 380 2802 sent,
404 2722 429 2789 si
456 2723 645 2801 evenissent,
669 2731 700 2790 et
724 2731 907 2790 tamennon
926 2724 1076 2806 turbaris,
1093 2725 1179 2811 quod
1202 2744 1266 2794 non

299 2839 484 2910 evenerunt,
508 2831 584 2916 quia
608 2831 647 2897 de
671 2831 789 2917 quibus
806 2850 860 2898 cor
881 2832 1018 2899 hominis
1038 2851 1100 2899 non
1125 2833 1267 2920 disponit

299 2937 359 3004 sibi
383 2939 547 3024 gaudium,
573 2937 597 3004 si
623 2939 780 3018 eveniant,
803 2939 843 3006 de
869 2938 918 3004 iris
941 2939 1037 3006 etiam
1066 2957 1128 3004 non
1162 2939 1268 3006 trista·

300 3052 362 3122 tur,
387 3046 411 3111 si
437 3064 499 3110 non
523 3046 687 3125 eveniant;
705 3045 793 3112 verbi
818 3047 929 3130 gratia,
952 3047 978 3113 si
999 3061 1119 3131 speras,
1145 3055 1176 3112 te
1199 3065 1268 3114 cra·

300 3152 381 3219 stiuo
405 3153 591 3220 habiturum
618 3153 737 3219 bonum
774 3153 955 3238 prandium,
979 3152 1124 3230 laetaris;
1148 3153 1204 3220 sed
1238 3154 1266 3222 si

273 3277 275 3286 ’
300 3257 380 3324 sorte
403 3276 476 3344 spes
501 3266 555 3325 tua
578 3258 762 3338 frustretur,
787 3259 938 3339 turbaris,
954 3259 1029 3346 quia
1054 3258 1172 3326 taetitia
1196 3259 1267 3345 spei

371 3416 380 3448 ¹
401 3420 426 3472 In
447 3422 496 3473 noc
516 3421 629 3486 capitulo
648 3427 747 3487 auctor,
767 3427 795 3472 ut
814 3423 870 3485 ipse
890 3420 952 3473 dicit
970 3419 1005 3473 ibi
1025 3433 1051 3472 n.
1071 3420 1098 3486 6,
1117 3419 1266 3474 incidenter

301 3509 391 3561 transit
414 3509 446 3562 nd
465 3511 542 3564 altam
572 3524 627 3563 rom
648 3510 816 3576 tractandum,
837 3511 949 3577 quaein
969 3510 1099 3562 nonnullis
1127 3509 1267 3566 codicibus

301 3598 357 3650 sine
369 3611 438 3650 novo
458 3600 571 3664 capituto
590 3599 745 3653 adnectitur.
