2808 4318
259 186 323 252 tet
577 194 686 252 'ureae
710 203 882 252 secundus,

256 309 351 376 etad
375 309 537 376 exteriora
560 309 666 376 studia
694 317 726 374 et
757 309 881 394 negotia
905 308 1036 393 plurimi
1072 307 1221 376 defluxe-

256 422 343 496 runt,
367 414 486 482 scilicet
509 414 593 482 mala
627 415 842 494 conformitas
877 416 956 483 dum
987 415 1123 500 quilibet
1151 416 1221 482 ruit

256 522 336 589 aiios
358 522 487 602 imitari,
504 522 570 589 sire
586 521 662 607 quia
677 521 765 588 atiud
788 522 898 598 nescit,
915 539 1011 607 quam
1028 521 1115 607 quod
1133 521 1222 588 ridet

256 630 289 695 in
312 628 401 706 aliis;
426 629 493 695 sire
517 627 669 713 quianon
688 628 785 695 audet
808 627 900 694 aliter
916 627 1024 694 rivere
1046 646 1145 713 quam
1163 627 1222 706 itti,

257 753 330 803 cum
354 735 472 820 quibus
498 735 575 801 vivit
598 743 629 801 et
664 742 823 813 versatur,
846 751 887 800 ex
923 733 1008 799 mato
1035 734 1162 820 pudore
1185 733 1223 799 ti-

258 860 347 910 mens
370 842 441 908 aliis
465 843 565 910 rideri
602 841 784 918 dissirnitis;
809 841 875 908 sire
909 842 1016 921 etiam,
1039 841 1127 926 quod
1152 858 1224 926 pro

258 951 349 1035 prius
372 957 463 1034 tepor
486 955 517 1015 et
541 948 678 1015 carnaiis
713 946 843 1014 libertas
879 947 1007 1031 gaudet,
1031 964 1065 1013 sc
1101 946 1223 1013 habere

256 1055 453 1123 occasionem
478 1063 508 1122 et
543 1054 704 1139 quandam
740 1054 980 1121 excusationem
1009 1054 1097 1139 apud
1123 1053 1224 1120 homi·

257 1179 314 1228 nes
328 1161 441 1246 agendi
459 1161 545 1246 quod
563 1160 649 1239 libet,
666 1161 789 1228 etiamsi
807 1178 868 1228 non
888 1159 1014 1240 liceret;
1031 1159 1178 1226 Psatmus
1191 1158 1220 1223 ¹:

260 1267 380 1334 Omnes
410 1266 672 1346 declinaverunt,
707 1265 811 1333 simul
844 1265 979 1332 inutiles
1008 1263 1097 1352 (acti
1130 1273 1222 1343 eunt,

257 1393 323 1440 recu
347 1382 393 1439 eat
416 1373 477 1461 qui
494 1371 604 1459 sociat
621 1371 754 1453 bonum,
770 1392 838 1439 uon
853 1381 901 1439 eet
917 1391 1020 1460 usque
1036 1372 1222 1450 ardunum,

257 1479 376 1547 scilicet
399 1480 439 1546 ad
463 1497 550 1558 eum,
573 1480 639 1567 qui,
663 1479 869 1546 multitudine
900 1477 1219 1564 postpositastudet

257 1587 312 1654 uni
336 1586 470 1652 Domino
493 1587 619 1671 placere
642 1596 673 1654 et
697 1586 829 1662 servire,
846 1603 951 1651 unum
973 1593 1084 1670 petens
1108 1603 1132 1651 u
1157 1585 1218 1650 Do

257 1692 348 1758 mino
371 1701 400 1758 et
424 1691 511 1759 donc
533 1692 720 1781 requirens,
745 1703 783 1758 ut
806 1689 966 1759 tripudiet
980 1692 1017 1757 in
1037 1692 1136 1758 domo
1163 1691 1223 1757 De

256 1799 471 1866 menimento
495 1805 526 1866 et
556 1798 777 1866 conformitate
810 1799 902 1879 ritae,
933 1798 1019 1884 quod
1042 1798 1147 1865 solum
1173 1806 1223 1866 est

257 1906 483 1973 necessarium.
517 1907 603 1973 Unde
634 1906 843 1992 proverbium
873 1906 960 1993 apud
985 1905 1132 1973 homines
1154 1912 1221 1974 est:

259 2013 417 2098 Quicum
454 2012 539 2098 lupis
573 2030 643 2080 esse
678 2013 759 2093 ruit,
781 2021 918 2099 oportet,
940 2030 1015 2080 eum
1045 2029 1120 2079 cum
1144 2011 1224 2098 ipsis

257 2120 352 2188 etiam
376 2118 512 2186 ululare.

346 2227 377 2292 d.
414 2226 557 2293 Tertium
592 2233 640 2293 est
671 2243 789 2312 corpus
819 2243 883 2292 non
915 2225 1050 2294 delicate
1085 2226 1221 2294 nutrire.

258 2331 357 2398 Terra
380 2332 465 2398 enim
488 2333 633 2418 corporis
656 2331 767 2410 nostri,
791 2349 874 2417 quae
897 2348 939 2398 ex
963 2331 1068 2416 prima
1093 2331 1224 2398 maledi

258 2439 362 2506 ctione
383 2439 503 2525 spinos
527 2449 556 2505 et
579 2438 720 2506 tributos
751 2438 838 2506 ultro
861 2440 938 2506 satis
958 2437 1169 2526 permiuct¹,
1194 2438 1220 2506 si

257 2563 355 2632 super
381 2546 440 2613 hoc
463 2545 560 2613 fuerit
583 2545 782 2632 impinguata
807 2545 939 2626 deliciis,
962 2553 1050 2613 tanta
1072 2546 1135 2614 erit
1158 2545 1222 2632 spi-

257 2669 372 2720 narum
397 2651 548 2732 densitas,
571 2651 658 2738 quod
681 2669 790 2720 semen
814 2652 904 2720 verbi
922 2651 1065 2720 veritatis
1081 2652 1113 2718 iu
1131 2651 1223 2720 uobis

257 2759 385 2846 penitus
408 2758 635 2839 suffocabitur3
659 2758 872 2826 Proverbia³:
906 2757 973 2831 Qut
994 2757 1133 2826 delicate
1163 2777 1223 2824 ure

258 2865 317 2933 trit
339 2884 475 2932 cervum
497 2884 599 2932 cuum
623 2884 647 2932 a
682 2864 848 2931 iuventute
870 2884 938 2932 euc
973 2874 1090 2951 posteo
1124 2863 1221 2932 mum

257 2972 372 3039 sentiet
386 2980 626 3039 contumacem.
643 2971 827 3040 Bernartius
840 2972 868 3038 ⁴:
894 2999 907 3030 ι
924 2970 1055 3060 Sufficit
1069 2971 1140 3038 diei
1152 2989 1222 3040 mu·

258 3078 334 3146 titio
355 3097 434 3158 auu,
458 3077 578 3146 scilicet
608 3079 883 3165 concupiscentiae
914 3079 1064 3159 naturali,
1088 3079 1221 3166 quaesi

330 3255 339 3287 ¹
360 3258 400 3310 Pe
420 3257 464 3324 tt,
485 3258 511 3310 3.
530 3256 629 3311 Deinde
648 3259 767 3326 sequitur
786 3258 828 3311 Ps.
847 3258 890 3325 26,
911 3257 936 3312 t

329 3343 340 3376 ¹
358 3347 423 3400 Gen.
442 3347 468 3416 3,
490 3347 530 3399 ta.
811 3343 822 3376 ⁸
841 3345 905 3412 Cap.
924 3347 968 3413 29,
987 3348 1030 3400 dt.

329 3433 340 3464 ⁴
359 3433 415 3488 Lib.
435 3436 453 3488 Ι.
470 3434 511 3490 nd
529 3435 632 3490 Fratres
651 3434 684 3490 de
702 3435 788 3491 Monte
803 3436 859 3503 Dei,
878 3449 901 3489 c.
922 3436 965 3490 tr.
983 3449 1009 3489 n.
1028 3433 1073 3490 33.
1088 3433 1222 3502 Attegatur

258 3524 345 3579 Matttr.
365 3524 390 3590 6,
411 3524 453 3577 at.
