2738 4316
281 243 321 289 na
345 241 570 291 cournsrrroun
593 243 722 292 neumis
746 243 936 292 curamonta
1052 230 1094 295 nd

478 455 662 522 Carnonon
686 455 748 521 XX.

337 671 388 735 De.
404 669 616 737 meditatione
641 669 777 736 Domini
799 671 885 737 tero.

221 885 250 948 t.
278 885 308 948 tn
333 884 481 952 omnibus
506 885 681 951 virtutibus
704 891 735 951 et
753 885 843 950 nonis
859 885 1005 951 morinus
1023 903 1095 969 pro

127 1009 212 1076 pone
237 991 293 1056 tibi
330 1008 457 1076 semper
492 992 705 1058 clarissimum
736 992 902 1076 specuium
934 1001 965 1058 et
998 993 1095 1060 totius

128 1097 311 1164 sanctitatis
345 1098 611 1184 perfectissimum
648 1098 826 1183 exemplar,
850 1098 968 1165 scilicet
998 1104 1094 1166 vitam

128 1211 164 1271 et
187 1223 295 1271 mores
318 1204 383 1270 Filii
409 1203 475 1284 Dei,
512 1204 636 1270 Domini
662 1205 760 1272 nostri
793 1205 863 1271 iesu
887 1205 1014 1281 Christi,
1040 1206 1094 1292 qui

127 1311 172 1378 ad
198 1312 259 1378 hoc
291 1311 381 1378 nobis
405 1312 445 1377 de
469 1311 555 1378 caeto
581 1313 697 1378 missus
720 1319 778 1390 est,
802 1318 838 1377 ut
861 1312 1041 1377 ostenderet
1065 1318 1097 1378 et

126 1419 274 1504 aperiret
298 1419 388 1484 nonis
416 1419 498 1484 viam
530 1419 684 1484 virtutum
718 1427 748 1485 et
781 1418 882 1502 legem
911 1418 1095 1501 disciplinae

127 1543 192 1592 suo
216 1525 365 1610 exemplo
389 1526 480 1592 daret
503 1525 594 1592 nobis
617 1532 647 1592 et
670 1526 814 1592 erudiret
838 1542 895 1591 nos
912 1541 969 1609 per
986 1532 1097 1591 semet·

127 1634 251 1717 ipsum,
275 1640 312 1698 ut
335 1633 416 1700 sicut
439 1633 478 1698 ad
505 1633 673 1718 imaginem
691 1633 760 1700 eius
782 1632 969 1698 naturaliter
998 1632 1095 1698 creati

129 1757 260 1818 sumus,
284 1741 327 1805 ita
350 1740 390 1806 ad
425 1759 550 1806 morum
583 1741 653 1807 eius
677 1742 918 1808 similitudinem
945 1758 1001 1825 per
1026 1740 1097 1806 imi-

128 1847 284 1913 tationem
310 1849 464 1914 virtutum
491 1845 681 1932 prunestre
711 1849 917 1933 possibilitate
942 1848 1096 1913 retorme·

128 1971 220 2033 mur,
244 1955 297 2038 qui
323 1955 391 2021 eius
423 1955 592 2038 imaginem
626 1955 656 2020 in
690 1955 780 2020 nobis
815 1954 1014 2021 foedavimus
1039 1971 1096 2040 per

128 2049 311 2147 peccatum.
335 2061 495 2145 Quantum
528 2060 611 2126 enim
645 2061 780 2146 quisque
804 2078 838 2126 se
873 2060 901 2126 ei
937 2060 967 2126 in
999 2061 1099 2126 virtu·

129 2176 207 2233 tum
230 2167 402 2232 imitatione
427 2166 477 2234 hic
502 2166 701 2233 conformare
726 2167 896 2246 studuerit,
922 2175 1044 2232 tantum
1067 2167 1097 2233 ei

129 2276 165 2341 in
193 2275 295 2360 patria
319 2275 349 2338 iu
374 2273 474 2358 gloria
498 2283 529 2340 et
553 2274 695 2354 claritate
726 2274 936 2359 propinquior
959 2282 990 2341 et
1014 2274 1097 2342 simi·

130 2379 196 2446 lior
220 2380 290 2445 erit.
518 2447 519 2450 ,
631 2457 632 2460 ¹

227 2490 255 2552 d.
280 2486 429 2553 Describe
454 2487 551 2570 igitur
584 2487 637 2552 tibi
665 2486 696 2550 in
728 2485 824 2552 corde
857 2493 910 2550 tuo
936 2502 1040 2551 mores
1065 2490 1097 2550 et

132 2599 227 2660 actus
251 2611 342 2658 snos:
360 2611 455 2678 quam
475 2593 638 2661 humiliter
656 2610 689 2660 se
707 2592 819 2658 habuit
835 2593 917 2671 inter
933 2592 1096 2668 homines;

132 2718 233 2786 quam
247 2700 401 2786 benignus
418 2699 503 2782 (tuit)
521 2701 602 2766 inter
619 2700 803 2785 discipulos,
819 2718 914 2785 qnam
934 2699 1097 2766 modestus

132 2808 166 2874 in
194 2807 315 2874 edendo
339 2816 370 2873 et
395 2806 542 2885 bibendo,
566 2826 660 2891 qnam
692 2808 873 2874 misericors
897 2823 994 2891 super
1010 2823 1097 2890 ,pau-

131 2933 239 3002 peres,
263 2915 381 3000 qrribus
405 2931 438 2981 se
463 2915 598 2980 similem
624 2914 742 2982 fecerat
766 2932 822 2999 per
846 2914 962 2992 omnia,
987 2911 1096 2996 etqui

132 3023 176 3090 de
200 3021 270 3088 eius
293 3022 472 3106 specialiter
488 3022 607 3087 tamdia
625 3022 833 3098 videbantur;
849 3019 1009 3106 quomodo
1026 3018 1098 3085 nut-

132 3130 203 3196 lnm
228 3129 349 3214 sprevit
374 3128 422 3194 rel
448 3129 586 3207 horruit,
610 3128 732 3193 etiamsi
758 3134 827 3194 erat
844 3127 1006 3212 leprosos;
1023 3143 1099 3210 quo·

132 3235 231 3303 modo
255 3235 408 3301 divitibus
432 3253 493 3301 non
529 3235 741 3329 adulabatnr3
769 3252 865 3320 quam
891 3232 971 3298 liber
997 3233 1056 3298 tuit
1079 3250 1098 3298 a

130 3343 223 3412 curis
247 3342 358 3408 mnndi
383 3360 441 3408 nec
465 3343 582 3408 anxius
605 3360 664 3426 pro
681 3342 824 3426 corporis
846 3340 1097 3420 necessitatibus,

132 3469 232 3538 quam
259 3449 461 3517 verecundus
485 3450 515 3515 in
542 3451 622 3528 risu,
647 3467 742 3534 quam
776 3449 898 3532 patiens
922 3449 962 3514 ad
987 3454 1098 3514 contu·

129 3556 247 3624 melias
264 3563 295 3623 et
311 3574 408 3642 quam
426 3556 510 3624 mitis
527 3557 557 3622 in
584 3555 762 3641 responsis;
779 3573 840 3620 non
865 3555 949 3621 enim
974 3554 1099 3622 studuit
