2738 4316
501 236 683 286 Parnassio.
964 237 1073 285 xxxvii

102 344 263 398 auctoribus
280 346 403 412 antiquis,
423 352 451 398 ut
469 359 549 411 supra
567 344 684 397 uidimus
697 343 734 412 (p.
749 343 792 396 lV.
804 346 899 413 seqqi,
920 345 1026 410 relatus,
1046 351 1072 398 et

102 437 134 487 in
154 435 245 486 multis
263 432 399 487 codicibus
418 434 508 486 sallem
527 435 672 486 insinuatus
690 441 738 488 est

182 523 276 590 Quoad
295 524 407 590 capitula
422 522 605 589 distinguenda
618 528 644 576 et
660 522 831 588 exprimenda
845 525 897 576 iam
910 522 1010 576 dicium
1025 530 1073 588 est,

107 613 258 665 maximam
271 613 296 663 in
310 612 360 664 lroc
371 625 429 664 esse
442 611 613 665 differentiam
628 625 679 665 non
693 619 793 666 tantum
807 613 832 664 ln
845 608 1013 678 aditionibus,
1025 610 1073 666 sod

101 703 191 754 etiam
210 703 235 753 in
254 702 318 767 ipsis
337 701 451 768 antiquis
478 699 627 768 codicibus3
655 700 728 770 quod
756 703 819 755 satis
846 698 1073 768 demonstratrix

107 795 174 858 ipso
194 796 298 844 auctore
316 806 347 843 ea
367 805 418 845 nou
437 805 496 844 esse
515 792 590 858 iacta,
608 791 652 844 vei
670 792 761 844 saltem
782 789 849 844 bene
868 790 996 844 distincta.
1015 791 1073 844 liul-

108 878 171 932 lum
192 881 340 934 invenimus
359 879 487 946 codicem,
504 893 585 947 quem
604 892 710 944 semper
728 881 804 948 sequi
823 881 995 945 potuerimus,
1008 879 1072 948 quin

111 969 186 1024 ordo
204 983 292 1022 rerum
311 969 518 1035 perturbaretur.
537 968 611 1022 Unde
638 968 732 1021 eadem
761 982 812 1035 qua
840 969 875 1021 iili
903 968 1002 1022 librarii
1030 968 1072 1022 vei

105 1058 229 1112 editores
247 1057 364 1112 libertate
392 1060 440 1124 usi,
468 1059 580 1123 capitula
601 1058 774 1124 distinximus,
794 1063 872 1123 prout
896 1071 985 1112 rerum
1005 1056 1072 1112 ordo

106 1151 219 1214 exigere
238 1151 311 1202 nisus
329 1156 377 1202 est.

184 1235 284 1289 Divisio
301 1230 390 1301 operis
408 1237 433 1287 in
453 1242 505 1289 tres
523 1234 605 1288 libros
623 1236 765 1301 respondet
783 1238 906 1303 antiquae
931 1236 965 1288 illi
984 1237 1037 1288 iam
1055 1248 1071 1288 a

107 1325 239 1389 Dionysio
251 1323 322 1377 dieto
334 1326 490 1390 areopagita
509 1324 605 1377 relatae
623 1323 724 1392 triplici
741 1322 809 1390 vioe,
824 1325 921 1378 scilicet
934 1326 993 1377 viae
1012 1337 1073 1389 pur·

106 1415 228 1479 gativae,
248 1413 443 1479 illuminativae,
463 1414 586 1466 unitivae.
598 1440 634 1453 -
653 1414 757 1465 llinime
776 1411 888 1466 dubium
907 1426 965 1465 esse
978 1419 1072 1478 potest,

108 1502 178 1566 quin
198 1501 309 1566 diligens
328 1514 359 1552 ae
377 1500 503 1554 devotum
517 1503 595 1554 liuius
610 1502 710 1568 antiqui
722 1505 847 1554 tractatus
859 1499 976 1553 studium
988 1501 1073 1550 omni-

108 1589 173 1655 bus,
192 1592 346 1656 praesertim
366 1590 502 1656 Religiosis
520 1589 670 1653 iuvenibus,
688 1589 800 1643 solidam
827 1595 854 1644 et
877 1591 1019 1656 practicam
1037 1589 1073 1642 de

107 1678 193 1732 rebus
211 1677 391 1744 spiritualibus
409 1678 555 1732 doctrinam
574 1683 600 1731 et
615 1679 823 1732 aedificationem
839 1675 968 1744 praebere
982 1677 1072 1744 possit,

108 1767 196 1836 quod,
220 1768 362 1821 accedente
388 1766 486 1823 uirtute
513 1780 548 1821 erc
566 1766 622 1822 olio
642 1767 714 1834 (Luc.
735 1767 779 1832 ll,
801 1767 863 1836 la),
888 1765 1013 1821 omnibus
1040 1780 1073 1820 ex

106 1858 200 1910 animo
218 1863 384 1923 exoptamus.

181 2033 208 2085 ln
228 2033 340 2099 collegio
357 2035 384 2086 S.
401 2035 608 2100 Bouaventurae,
628 2035 662 2086 i0
681 2033 777 2100 Aprilis
798 2035 877 2088 1899.

764 2339 811 2392 ΡΡ.
830 2339 999 2393 notiones
