2808 4318
282 275 345 341 168
637 291 725 340 nunu
748 293 885 341 runrrus.

369 398 399 465 3.
425 397 642 465 Exercttotur
665 398 772 477 etiam,
796 405 832 465 ut
866 397 980 484 agilior
1008 405 1040 465 et
1063 399 1246 486 promptior

279 505 336 572 liat
358 505 398 573 ad
423 523 521 592 opera
545 505 684 572 iustitiae
708 511 740 572 et
764 505 920 572 virtutum
937 505 1103 585 exercitia,
1118 505 1197 591 quia
1213 504 1246 570 in

280 620 366 680 statu
389 611 611 680 consolationis
636 612 704 680 sola
727 613 820 699 quies
843 611 959 680 mentis
982 620 1014 680 et
1029 611 1177 680 studium
1193 611 1246 679 de

280 719 415 787 sotionis
439 719 608 787 videbatur
642 720 671 786 ei
708 717 855 787 sufficere
889 719 930 786 ad
955 735 1117 786 summam
1146 718 1248 804 perte·

280 826 427 907 ctionem,
451 843 535 911 quae
570 825 641 893 ideo
673 826 701 893 ei
736 827 777 893 ad
812 833 940 910 tempus
970 823 1185 903 subtrahitur,
1209 831 1249 891 ut

280 933 382 1000 discat
403 941 436 999 et
459 933 489 999 in
511 932 583 1000 aliis
618 933 776 1000 virtutum
811 931 926 1000 studiis
962 932 1118 999 exerceri.
1158 931 1249 998 Sicut

280 1041 365 1108 enirn
388 1049 547 1108 mercator
570 1059 632 1108 non
657 1041 689 1107 in
713 1058 777 1108 uno
800 1028 869 1106 loro
895 1038 944 1106 vel
967 1041 1122 1125 apotheca
1138 1039 1250 1104 omnia

280 1146 377 1214 simul
393 1147 523 1228 invenit,
539 1166 622 1233 quae
639 1148 809 1227 desiderat,
826 1146 882 1214 sed
899 1146 932 1212 in
948 1146 1085 1214 dirersis
1098 1146 1249 1226 diversa;

281 1254 324 1321 ita
348 1254 524 1340 Religiosus
546 1273 609 1320 non
634 1261 756 1322 tantum
790 1255 821 1320 in
856 1254 963 1340 quiete
998 1253 1177 1320 devotionis
1213 1259 1247 1320 et

282 1361 451 1429 dulcedine
474 1361 697 1429 consolationis
731 1362 918 1447 spiritualis
942 1361 1120 1428 sedetiam
1144 1359 1177 1426 in
1202 1359 1247 1428 la·

281 1469 359 1537 hore
383 1470 566 1537 certaminis
600 1476 633 1536 et
667 1470 820 1537 exercitio
855 1470 957 1537 honae
991 1468 1125 1536 actionis
1149 1467 1251 1536 dehet

282 1592 438 1661 quaerere
461 1575 604 1642 studium
641 1575 842 1661 perfectionis
876 1583 908 1642 et
940 1573 1085 1642 merendi
1109 1574 1250 1641 occasio

281 1697 373 1760 nem;
397 1680 436 1747 ad
464 1680 718 1766 Philippenses1:
744 1681 820 1748 Scio
843 1688 873 1747 et
895 1680 1073 1748 abundare
1096 1688 1126 1746 ct
1145 1698 1250 1766 penu

283 1787 375 1854 riom
395 1786 480 1874 poti,
506 1786 627 1875 ubique
649 1795 679 1854 et
702 1787 738 1854 iu
762 1787 916 1854 omnihus
948 1786 1124 1854 institutus
1147 1804 1249 1864 sum,-

282 1895 323 1961 ad
347 1894 541 1961 Corinthios:
568 1894 634 1960 Per
658 1913 761 1961 crure
796 1893 945 1961 iustitiae
968 1912 992 1960 o
1015 1891 1146 1960 destris
1169 1901 1200 1959 et
1223 1911 1248 1960 a

285 2001 446 2068 sinistris.

371 2110 403 2175 [ι.
428 2108 596 2175 Erudttur
620 2109 715 2176 etiam
740 2109 837 2175 horno
860 2106 1098 2187 tentationibus
1116 2106 1248 2194 quando

285 2215 388 2296 discit,
408 2233 490 2302 quae
514 2216 554 2283 sit
578 2215 698 2284 utilitas
722 2216 932 2283 tentationum
955 2221 988 2282 et
1017 2214 1181 2301 protectus
1203 2231 1246 2282 ex

282 2321 329 2390 eis
352 2323 551 2409 proveniens
574 2322 650 2408 quie
684 2340 726 2390 ex
762 2324 821 2390 hoc
853 2323 952 2390 levior
986 2321 1023 2388 dt
1046 2321 1074 2388 ei
1105 2321 1247 2400 tentatio,
1292 2417 1297 2426 Ι

284 2446 358 2495 curn
383 2428 537 2514 intelligit,
561 2445 662 2514 quare
697 2429 742 2497 sic
777 2429 862 2496 Deus
894 2427 1085 2514 permiserit,
1118 2427 1249 2514 etquis

283 2534 343 2602 sihi
366 2535 491 2603 tructus
514 2534 587 2602 inde
611 2536 779 2616 accrescit3
803 2535 845 2602 ad
876 2533 1095 2601 Corinthios²z
1121 2532 1249 2602 uidete

284 2651 397 2709 uectem
422 2642 520 2722 dieue,
544 2642 604 2731 qut
625 2661 692 2709 uon
720 2643 882 2728 potietur,
907 2661 964 2709 uos
986 2640 1113 2708 tenuari
1135 2660 1248 2728 supra

286 2749 335 2830 id,
359 2749 448 2838 quod
466 2749 612 2836 potestis,
635 2750 694 2816 sed
715 2747 818 2837 societ
840 2768 918 2816 cum
941 2747 1118 2816 tentatione
1143 2747 1248 2816 etiam

280 2865 491 2944 provectum,
507 2865 545 2924 ut
562 2856 699 2944 possitis
718 2857 892 2925 sustinere.
908 2893 952 2904 -
970 2855 1124 2924 Eruditur
1140 2856 1250 2938 etiam,

286 2965 372 3052 quod
395 2984 457 3032 non
482 2973 605 3034 tautum
630 2966 784 3033 innitatur
818 2965 1026 3052 experientiis
1060 2963 1250 3034 consolatio

285 3089 374 3151 nuni,
398 3078 553 3158 quantum
577 3071 609 3138 in
632 3071 752 3140 fiducia
782 3072 823 3139 ad
854 3071 955 3139 heum
981 3070 1031 3138 rel
1055 3069 1131 3140 fidei
1155 3059 1252 3138 certi·

285 3178 413 3258 tudine;
437 3179 520 3248 sicut
542 3178 672 3265 quidam
698 3179 795 3246 rudes
819 3178 850 3245 iu
875 3179 927 3246 via
958 3177 1024 3258 liei,
1048 3177 1104 3264 qui
1129 3176 1252 3258 statim,

287 3301 360 3351 cunr
385 3284 531 3353 subtrahi
567 3284 626 3352 sihi
662 3285 803 3352 sentiunt
826 3283 1049 3352 consolationis
1075 3285 1252 3370 experien-

285 3391 373 3472 tiam,
396 3393 503 3458 auimo
536 3391 717 3472 concidunt,
741 3391 917 3470 credentes,
948 3390 1049 3458 Qum
1073 3409 1093 3456 a
1117 3407 1152 3458 se
1176 3405 1249 3459 esse

355 3533 364 3568 ¹
384 3531 449 3600 Cap.
468 3533 492 3601 l,
512 3535 555 3588 ta.
575 3535 664 3588 Postea
683 3535 803 3602 sequitur
821 3533 849 3586 ll.
868 3530 928 3586 Cor.
948 3532 974 3598 6,
992 3531 1019 3584 7.

354 3621 402 3674 ²1.
420 3620 480 3675 Cor.
500 3624 541 3690 to,
563 3623 605 3675 td.
