2776 4316
291 209 356 278 ala
654 229 743 278 nrnnu
765 231 903 279 rannus

381 339 410 403 5.
435 339 565 422 Quarta,
589 337 665 422 quia
693 337 877 422 temporalis
906 339 1085 406 substantia
1116 347 1240 404 conum-

287 442 416 530 ptt'bt'lls
439 449 487 510 est
512 443 621 510 multis
644 444 968 512 considerationibus:
990 463 1031 511 ex
1056 446 1107 512 sui
1132 453 1241 526 natura,

291 568 364 618 eum
390 559 477 617 terra
512 551 554 617 sit
582 551 752 636 ignobilius
784 553 979 620 elementum
1016 553 1100 619 inter
1133 554 1242 632 omnia;

291 657 377 738 item,
403 656 478 744 qnia
495 676 557 723 non
577 658 714 724 multum
730 667 778 725 εει
794 661 991 738 necessaria;
1009 659 1154 726 modicus
1169 660 1240 726 enirn

247 791 250 796 “
291 765 395 832 rictus
418 771 450 832 el
475 765 607 831 vestitus
629 774 660 832 et
684 774 802 832 tectum
827 765 944 832 subicit
968 766 1089 833 homini
1114 785 1172 852 pro
1201 783 1243 832 ne·

290 872 436 939 cessitate
459 872 500 937 ad
537 872 725 949 vivendtinu
750 873 834 958 qood
869 883 1016 957 superest
1052 871 1243 958 superfluum

230 1056 232 1060 ¹
291 986 357 1058 εει;
380 979 467 1058 item,
491 977 601 1044 multis
625 985 672 1045 est
693 979 807 1045 ‘nociva
830 989 861 1046 et
897 980 1021 1046 occasio
1044 979 1245 1046 damnationis

290 1089 455 1180 aeternae3
480 1085 567 1162 item,
583 1085 758 1151 multorum
784 1092 869 1170 patet
886 1085 1033 1166 invidiae,
1050 1088 1105 1171 qui
1125 1086 1246 1154 libenter

291 1211 362 1260 earn
386 1192 550 1260 auferrent
575 1193 701 1259 babenti
719 1193 915 1282 permultas
931 1201 1037 1270 artes;
1054 1194 1140 1272 item,
1157 1194 1246 1260 mrrlto

292 1300 401 1366 labore
425 1307 457 1366 ει
479 1299 691 1366 sollicitudine
715 1300 894 1384 acquiritur
916 1309 946 1367 ει
971 1310 1131 1380 servatur,
1162 1302 1247 1368 etiam

292 1425 365 1474 curn
391 1407 534 1491 periculo
551 1407 651 1485 ritae3
676 1407 762 1486 item,
787 1425 848 1474 non
874 1408 966 1474 saliat
990 1409 1169 1494 appetitum
1202 1407 1249 1474 ba·

293 1513 406 1592 benus,
429 1512 484 1579 sed
509 1531 573 1597 quo
597 1512 669 1597 plus
693 1512 841 1592 habetur,
865 1531 902 1580 eo
935 1513 1110 1598 inquietius
1134 1515 1251 1592 silitum

293 1619 380 1698 item,
404 1617 478 1702 qnia
503 1625 566 1684 tani
592 1617 683 1683 bonis
706 1635 802 1702 quarn
829 1618 920 1684 rnalis
956 1619 1062 1696 datur,
1099 1619 1171 1686 ideo
1194 1635 1249 1684 noo

293 1732 368 1792 sunt
391 1725 556 1804 feliciores
580 1725 634 1810 qni
660 1724 691 1789 in
715 1741 752 1790 ea
775 1725 951 1802 abundant,
982 1725 1081 1790 inimo
1112 1726 1252 1812 frequen·

293 1833 357 1899 tius
382 1831 580 1910 infeliciores
604 1832 678 1915 quia
703 1839 751 1898 est
774 1831 820 1898 eis
844 1832 968 1898 occasio
992 1832 1170 1899 inultorum
1195 1849 1252 1898 rna·

294 1938 418 2014 lorum;
443 1938 528 2014 item,
553 1938 628 2022 quia
652 1937 707 2003 diu
731 1955 805 2004 curn
830 1938 959 2004 bomine
983 1955 1044 2004 non
1064 1945 1252 2024 perseverat.

293 2045 370 2112 Narn
396 2045 420 2111 si
446 2044 539 2111 aliter
562 2062 623 2109 non
648 2046 850 2123 amittuntur,
875 2059 962 2110 mors
985 2052 1113 2128 separat
1130 2045 1172 2111 ab
1201 2044 1252 2124 eis,

293 2160 325 2219 et
349 2151 427 2219 nibil
452 2159 554 2237 potest
578 2152 674 2216 homo
698 2157 920 2235 postmortem
939 2168 1047 2217 secum
1072 2151 1200 2218 deferre
1215 2169 1253 2218 ex

295 2259 381 2344 ipsis
408 2259 467 2326 nisi
491 2259 576 2345 quod
603 2257 721 2324 meruit
745 2257 796 2324 lrio
821 2275 877 2344 per
902 2259 996 2343 ipsas.
1021 2259 1155 2342 Sapiens
1186 2275 1256 2343 ergo

294 2366 389 2433 debet
413 2366 644 2452 parvipendere
667 2366 752 2450 qnod
789 2364 849 2430 vile
873 2372 930 2444 est,
958 2372 991 2431 et
1020 2383 1082 2430 non
1121 2365 1253 2432 multum

294 2473 441 2540 laborare
465 2491 523 2558 pro
546 2490 594 2552 eo,
618 2471 702 2558 quon
728 2471 768 2537 ad
786 2490 899 2557 parum
917 2480 965 2539 est
988 2471 1076 2552 utile,
1093 2479 1125 2539 et
1150 2473 1255 2557 lugere

294 2580 379 2666 qnod
406 2579 619 2665 perniciosum
644 2585 701 2659 est,
725 2585 756 2644 el
781 2578 955 2645 liberaliter
986 2595 1140 2664 spargere
1171 2577 1252 2665 qnod

263 2679 517 2754 ¹conservatum
543 2685 678 2772 perflet
702 2685 911 2752 distributum
948 2683 1129 2764 fructificat,
1166 2685 1191 2750 si
1227 2684 1253 2749 in

295 2810 454 2880 pauperes
478 2801 637 2879 erogetur.

634 3005 818 3072 Cnnrrunun
841 3005 927 3071 XLV.

342 3223 388 3288 De
412 3221 520 3288 tribus
540 3219 707 3308 prodicus
732 3219 770 3285 t'o
792 3225 980 3303 contempto
1002 3217 1214 3285 divitiorum.

388 3423 415 3504 l'.
440 3437 565 3503 Primus
587 3443 694 3503 autern
719 3434 839 3520 gradus
863 3435 894 3500 in
918 3438 1103 3517 conternptu
1138 3429 1255 3497 divitia·
1363 3463 1364 3470 κ

297 3563 369 3612 rurn
394 3553 442 3611 est
467 3540 551 3609 nibil
573 3540 693 3609 babere
715 3541 793 3607 velle
816 3538 937 3607 loirrsti
951 3537 1050 3616 lucri,
1068 3555 1126 3606 neo
1151 3554 1209 3624 ρετ
1223 3549 1254 3604 se
1363 3567 1364 3652 ε
