2792 4318
290 243 332 309 86
629 261 718 308 creec
741 259 914 310 sncmmns

290 366 351 433 hoc
374 364 524 431 omnibus
548 363 672 430 viribus
695 363 763 431 suis
787 369 818 431 et
841 365 925 431 omni
951 362 1115 450 diligentia
1138 369 1170 429 et
1191 369 1260 443 tolo

290 471 449 539 desiderio
474 470 570 538 debet
593 488 668 537 eum
693 487 849 557 quaerere
865 479 898 539 et
912 471 1019 538 omnia
1042 471 1157 550 facere,
1173 487 1259 556 qnae

291 584 480 665 promovent
503 595 572 644 eam
597 576 636 643 ad
662 577 876 646 inventionem
913 580 993 658 eius,
1016 585 1048 645 et
1078 577 1187 644 omnia
1211 577 1262 643 ri-

291 692 359 751 tare
383 692 414 750 ct
437 682 557 769 lugere,
582 701 663 769 qnae
687 683 836 768 elongant
870 702 939 752 eam
975 703 995 750 a
1025 684 1100 762 Deo,
1131 683 1259 750 etiamsi

292 790 374 857 hona
398 797 568 875 potentum
592 789 678 875 qnia,
701 790 785 858 sicut
807 790 861 859 ille
883 791 1002 858 stultns
1022 799 1115 870 esset,
1131 790 1186 875 qni
1206 791 1261 856 ha·
1387 825 1388 856 r

292 897 382 964 beret
406 896 582 976 hortulum,
606 897 660 982 qni
686 903 768 964 esset
790 897 879 966 ferax
898 897 1041 977 balsami,
1058 899 1095 977 si,
1112 895 1260 980 neglecto

292 1021 340 1083 eo,
364 1003 521 1090 plantaret
545 1002 586 1069 ilti
612 1003 774 1070 mentham
800 1004 849 1070 rel
874 1003 1046 1089 cyminum,
1066 1021 1161 1090 qnae,
1184 1003 1260 1069 licet

293 1111 375 1177 bona
399 1111 471 1190 sint,
487 1116 594 1176 tamen
620 1111 651 1176 in
676 1097 912 1196 comparatione
928 1109 1061 1176 balsami
1078 1117 1154 1176 sunt
1172 1109 1261 1174 vilis-

293 1216 391 1295 sima;
415 1217 445 1282 in
471 1207 630 1283 inlinitum
654 1217 781 1283 stultior
797 1225 881 1284 esset
898 1216 961 1294 ille,
977 1219 1043 1303 qui,
1059 1233 1133 1284 cum
1158 1217 1261 1302 possit

293 1340 456 1390 summum
481 1323 600 1390 bonnm
624 1322 908 1408 comprehendere,
932 1323 1076 1408 neglecto
1090 1341 1140 1401 eo,
1164 1340 1260 1390 occn-

293 1437 347 1516 pat
371 1448 405 1497 se
428 1430 513 1496 circa
537 1429 657 1497 caduca
680 1438 712 1496 et
737 1429 811 1496 vilia
835 1429 885 1497 vel
909 1430 1039 1497 sordida
1075 1437 1107 1496 el
1137 1448 1259 1496 amara.

294 1536 356 1602 lloc
378 1543 485 1602 antem
511 1536 652 1621 intelligo
687 1536 727 1603 de
751 1536 980 1616 saecularibus
1015 1535 1069 1622 qui
1095 1536 1261 1603 mundana

293 1649 495 1727 praeponunt
517 1640 707 1708 caelestibus
730 1649 762 1708 et
785 1641 967 1708 transitoria
993 1642 1132 1708 aeternis
1156 1640 1259 1709 bonis.

294 1748 445 1814 Similiter
481 1747 533 1814 ille
569 1748 687 1816 stultus
722 1757 780 1828 est,
816 1748 881 1835 qni,
916 1766 990 1815 cum
1026 1747 1141 1816 habeat
1172 1748 1258 1815 riam

294 1854 550 1941 compendiosam
582 1854 721 1922 duarum
750 1856 801 1923 vel
825 1855 923 1922 trium
956 1855 1115 1924 dictarum
1150 1856 1192 1922 ad
1218 1855 1261 1922 lo

295 1979 379 2042 cnm,
403 1979 466 2046 quo
502 1961 612 2040 tendit,
644 1962 776 2029 dimissa
799 1979 847 2041 ea,
870 1962 996 2047 quaerit
1018 1961 1102 2029 riam
1134 1961 1263 2046 dispen-

295 2069 416 2136 diosam
456 2074 487 2136 et
521 2067 732 2136 difficiliorem
775 2077 806 2136 et
845 2069 1104 2155 periculosiorem
1145 2068 1261 2136 itinere

295 2175 393 2241 trium
418 2191 574 2241 annorum
600 2184 631 2241 et
654 2175 803 2261 amplius.
827 2175 876 2242 Sic
900 2176 994 2243 etiam
1027 2174 1172 2260 Religiosi
1190 2176 1262 2260 qui-

295 2283 369 2349 dam
395 2281 500 2349 minus
523 2283 683 2367 sapienter
715 2283 864 2350 videntur
895 2283 1054 2362 incedere,
1085 2280 1151 2368 qui,
1182 2299 1260 2348 cnm

295 2395 423 2473 possent
447 2387 477 2454 in
502 2388 611 2473 paucis
634 2389 726 2456 annis
749 2389 789 2456 ad
815 2407 962 2474 magnam
986 2388 1041 2456 Dei
1065 2387 1210 2455 notitiam
1228 2397 1262 2455 et
1390 2455 1391 2462 ,

295 2495 483 2562 familiarem
520 2495 690 2564 amicitiam
725 2513 784 2582 per
818 2496 1079 2582 compendiosum
1112 2494 1259 2563 studium

296 2601 424 2668 virtutis
447 2609 479 2669 et
502 2602 678 2670 devotionis
701 2609 733 2668 et
756 2601 905 2688 puritatis
927 2601 1119 2687 pertingere,
1147 2600 1262 2668 relicto

296 2725 344 2788 eo,
366 2716 523 2794 occupant
545 2725 579 2776 se
602 2708 674 2776 aliis
697 2709 803 2776 minus
827 2708 1000 2776 fructuosis
1023 2717 1054 2776 et
1079 2708 1172 2776 valde
1199 2708 1262 2776 dis-

296 2815 456 2900 pendiosis
478 2815 518 2882 ad
544 2814 586 2895 id,
610 2834 675 2901 quo
698 2816 843 2894 tendunt,
867 2815 988 2883 scilicet
1010 2815 1050 2882 ad
1075 2813 1130 2882 Dei
1152 2815 1262 2900 cogni·

297 2921 413 2989 tionem
437 2929 469 2988 et
492 2921 633 2988 notitiam
660 2921 802 2989 veritatis
833 2928 865 2988 et
887 2928 1005 2989 statum
1039 2921 1262 3007 perlectionis;

297 3045 369 3095 cnm
394 3028 550 3096 Dominus
585 3028 681 3114 ipse¹
719 3029 898 3112 promittat:
935 3028 1085 3115 Spiritus
1107 3028 1264 3096 veritalis

297 3133 421 3201 docebit
442 3153 501 3202 vos
524 3153 652 3202 omnem
676 3134 858 3202 veritatem.
882 3135 913 3202 Si
930 3135 1014 3202 enim
1031 3136 1126 3203 sciret
1143 3134 1262 3221 aliquis

298 3241 392 3326 plnra
414 3239 557 3320 artificia,
582 3258 720 3326 quornm
746 3259 845 3307 nnum
870 3249 953 3308 esset
987 3258 1065 3327 prae
1088 3238 1160 3308 aliis
1193 3248 1261 3307 tam

299 3346 403 3415 nobile
425 3356 457 3415 et
479 3355 720 3435 quaestuosum,
736 3355 771 3414 nt
795 3366 852 3435 per
875 3349 955 3416 illud
979 3347 1010 3416 in
1036 3348 1125 3416 brevi
1149 3355 1261 3437 posset

370 3571 379 3603 ¹
398 3576 468 3629 loen.
489 3577 532 3644 l6,
555 3577 597 3630 te.
