<?xml version="1.0" encoding="UTF-8"?>
<!DOCTYPE html PUBLIC "-//W3C//DTD XHTML 1.0 Transitional//EN"
    "http://www.w3.org/TR/xhtml1/DTD/xhtml1-transitional.dtd">
<html xmlns="http://www.w3.org/1999/xhtml" xml:lang="en" lang="en">
 <head>
  <title>
</title>
<meta http-equiv="Content-Type" content="text/html;charset=utf-8" />
  <meta name='ocr-system' content='tesseract 3.04.00' />
  <meta name='ocr-capabilities' content='ocr_page ocr_carea ocr_par ocr_line ocrx_word'/>
</head>
<body>
  <div class='ocr_page' id='page_1' title='image "./deexterioriseti00davigoog_0127.png"; bbox 0 0 2792 4318; ppageno 0'>
   <div class='ocr_carea' id='block_1_1' title="bbox 304 231 931 296">
    <p class='ocr_par' dir='ltr' id='par_1_1' title="bbox 304 231 931 296">
     <span class='ocr_line' id='line_1_1' title="bbox 304 231 931 296; baseline -0.003 0"><span class='ocrx_word' id='word_1_1' title='bbox 304 231 348 296; x_wconf 71' lang='lat'><strong>82</strong></span> <span class='ocrx_word' id='word_1_2' title='bbox 645 248 733 294; x_wconf 82' lang='lat' dir='ltr'><strong>uruen</strong></span> <span class='ocrx_word' id='word_1_3' title='bbox 758 247 931 294; x_wconf 80' lang='lat' dir='ltr'><strong>suouuuus.</strong></span> 
     </span>
    </p>
   </div>
   <div class='ocr_carea' id='block_1_2' title="bbox 298 351 1272 971">
    <p class='ocr_par' dir='ltr' id='par_1_2' title="bbox 298 351 1272 971">
     <span class='ocr_line' id='line_1_2' title="bbox 301 351 1272 440; baseline -0.001 -21"><span class='ocrx_word' id='word_1_4' title='bbox 301 351 494 440; x_wconf 77' lang='lat' dir='ltr'><em>obsequium</em></span> <span class='ocrx_word' id='word_1_5' title='bbox 517 351 688 417; x_wconf 88' lang='lat' dir='ltr'><strong>nostrum¹</strong></span> <span class='ocrx_word' id='word_1_6' title='bbox 714 369 772 437; x_wconf 93' lang='lat' dir='ltr'><strong>pro</strong></span> <span class='ocrx_word' id='word_1_7' title='bbox 796 351 865 418; x_wconf 86' lang='lat' dir='ltr'><strong>ioco</strong></span> <span class='ocrx_word' id='word_1_8' title='bbox 896 359 928 418; x_wconf 88' lang='lat' dir='ltr'><strong>et</strong></span> <span class='ocrx_word' id='word_1_9' title='bbox 960 357 1115 438; x_wconf 89' lang='lat' dir='ltr'><strong>ternpore,</strong></span> <span class='ocrx_word' id='word_1_10' title='bbox 1140 369 1181 420; x_wconf 88' lang='lat' dir='ltr'><strong>ue</strong></span> <span class='ocrx_word' id='word_1_11' title='bbox 1205 370 1272 419; x_wconf 85' lang='lat' dir='ltr'><strong>eor·</strong></span> 
     </span>
     <span class='ocr_line' id='line_1_3' title="bbox 300 458 1268 544; baseline 0 -18"><span class='ocrx_word' id='word_1_12' title='bbox 300 477 362 544; x_wconf 91' lang='lat' dir='ltr'><strong>pus</strong></span> <span class='ocrx_word' id='word_1_13' title='bbox 386 458 511 525; x_wconf 84' lang='lat' dir='ltr'><strong>definiat</strong></span> <span class='ocrx_word' id='word_1_14' title='bbox 534 458 595 524; x_wconf 91' lang='lat' dir='ltr'><strong>suh</strong></span> <span class='ocrx_word' id='word_1_15' title='bbox 619 475 716 524; x_wconf 92' lang='lat' dir='ltr'><strong>onere</strong></span> <span class='ocrx_word' id='word_1_16' title='bbox 740 458 876 538; x_wconf 89' lang='lat' dir='ltr'><strong>lahoris;</strong></span> <span class='ocrx_word' id='word_1_17' title='bbox 894 458 948 525; x_wconf 92' lang='lat' dir='ltr'><strong>sed</strong></span> <span class='ocrx_word' id='word_1_18' title='bbox 974 459 1005 523; x_wconf 92' lang='lat' dir='ltr'><strong>in</strong></span> <span class='ocrx_word' id='word_1_19' title='bbox 1025 458 1184 524; x_wconf 87' lang='lat' dir='ltr'><strong>virtutum</strong></span> <span class='ocrx_word' id='word_1_20' title='bbox 1203 466 1268 526; x_wconf 92' lang='lat' dir='ltr'><strong>stu·</strong></span> 
     </span>
     <span class='ocr_line' id='line_1_4' title="bbox 301 564 1272 651; baseline -0.001 -19"><span class='ocrx_word' id='word_1_21' title='bbox 301 566 362 632; x_wconf 93' lang='lat' dir='ltr'><strong>diis</strong></span> <span class='ocrx_word' id='word_1_22' title='bbox 387 566 475 631; x_wconf 88' lang='lat' dir='ltr'><strong>nulla</strong></span> <span class='ocrx_word' id='word_1_23' title='bbox 499 565 645 632; x_wconf 76' lang='lat' dir='ltr'><strong>remissio</strong></span> <span class='ocrx_word' id='word_1_24' title='bbox 669 566 775 644; x_wconf 88' lang='lat' dir='ltr'><strong>datur,</strong></span> <span class='ocrx_word' id='word_1_25' title='bbox 799 565 876 651; x_wconf 88' lang='lat' dir='ltr'><strong>quia</strong></span> <span class='ocrx_word' id='word_1_26' title='bbox 899 583 1063 650; x_wconf 87' lang='lat' dir='ltr'><strong>nunquam</strong></span> <span class='ocrx_word' id='word_1_27' title='bbox 1081 564 1272 650; x_wconf 80' lang='lat' dir='ltr'>indulgetur</span> 
     </span>
     <span class='ocr_line' id='line_1_5' title="bbox 301 671 1272 753; baseline -0.001 -15"><span class='ocrx_word' id='word_1_28' title='bbox 301 673 402 751; x_wconf 91' lang='lat' dir='ltr'><strong>nohis,</strong></span> <span class='ocrx_word' id='word_1_29' title='bbox 426 681 463 739; x_wconf 93' lang='lat' dir='ltr'><strong>ut</strong></span> <span class='ocrx_word' id='word_1_30' title='bbox 498 673 599 741; x_wconf 91' lang='lat' dir='ltr'><strong>simus</strong></span> <span class='ocrx_word' id='word_1_31' title='bbox 636 671 749 753; x_wconf 87' lang='lat' dir='ltr'><strong>vitiosi,</strong></span> <span class='ocrx_word' id='word_1_32' title='bbox 773 671 858 750; x_wconf 84' lang='lat' dir='ltr'><strong>etati,</strong></span> <span class='ocrx_word' id='word_1_33' title='bbox 882 672 1032 751; x_wconf 71' lang='lat' dir='ltr'><strong>immites</strong></span> <span class='ocrx_word' id='word_1_34' title='bbox 1056 671 1168 753; x_wconf 89' lang='lat' dir='ltr'><strong>invidi,</strong></span> <span class='ocrx_word' id='word_1_35' title='bbox 1193 673 1272 739; x_wconf 86' lang='lat' dir='ltr'><strong>acui-</strong></span> 
     </span>
     <span class='ocr_line' id='line_1_6' title="bbox 301 777 1270 862; baseline 0.001 -18"><span class='ocrx_word' id='word_1_36' title='bbox 301 778 392 859; x_wconf 90' lang='lat' dir='ltr'><strong>diosi,</strong></span> <span class='ocrx_word' id='word_1_37' title='bbox 428 777 528 858; x_wconf 86' lang='lat' dir='ltr'><strong>arari,</strong></span> <span class='ocrx_word' id='word_1_38' title='bbox 562 778 666 862; x_wconf 82' lang='lat' dir='ltr'>gulosi</span> <span class='ocrx_word' id='word_1_39' title='bbox 690 777 741 845; x_wconf 90' lang='lat' dir='ltr'><strong>vel</strong></span> <span class='ocrx_word' id='word_1_40' title='bbox 777 796 839 844; x_wconf 94' lang='lat' dir='ltr'><strong>nou</strong></span> <span class='ocrx_word' id='word_1_41' title='bbox 872 779 960 845; x_wconf 84' lang='lat' dir='ltr'><strong>rasti.</strong></span> <span class='ocrx_word' id='word_1_42' title='bbox 985 778 1022 844; x_wconf 82' lang='lat' dir='ltr'><strong>m</strong></span> <span class='ocrx_word' id='word_1_43' title='bbox 1054 777 1135 845; x_wconf 84' lang='lat' dir='ltr'><strong>haee</strong></span> <span class='ocrx_word' id='word_1_44' title='bbox 1170 795 1270 846; x_wconf 89' lang='lat' dir='ltr'><strong>onera</strong></span> 
     </span>
     <span class='ocr_line' id='line_1_7' title="bbox 298 882 1270 971; baseline -0.001 -20"><span class='ocrx_word' id='word_1_45' title='bbox 298 884 450 971; x_wconf 83' lang='lat' dir='ltr'><strong>propriis</strong></span> <span class='ocrx_word' id='word_1_46' title='bbox 489 883 642 951; x_wconf 84' lang='lat' dir='ltr'><strong>dehemus</strong></span> <span class='ocrx_word' id='word_1_47' title='bbox 668 893 811 970; x_wconf 80' lang='lat' dir='ltr'><strong>portora</strong></span> <span class='ocrx_word' id='word_1_48' title='bbox 845 882 1007 963; x_wconf 83' lang='lat' dir='ltr'><strong>humeris,</strong></span> <span class='ocrx_word' id='word_1_49' title='bbox 1044 884 1075 953; x_wconf 92' lang='lat' dir='ltr'><strong>id</strong></span> <span class='ocrx_word' id='word_1_50' title='bbox 1112 891 1172 964; x_wconf 89' lang='lat' dir='ltr'><strong>est,</strong></span> <span class='ocrx_word' id='word_1_51' title='bbox 1206 903 1270 951; x_wconf 91' lang='lat' dir='ltr'><strong>non</strong></span> 
     </span>
    </p>
   </div>
   <div class='ocr_carea' id='block_1_3' title="bbox 247 991 1271 3318">
    <p class='ocr_par' dir='ltr' id='par_1_3' title="bbox 247 991 1271 3080">
     <span class='ocr_line' id='line_1_8' title="bbox 301 991 1271 1077; baseline 0 -19"><span class='ocrx_word' id='word_1_52' title='bbox 301 991 462 1058; x_wconf 87' lang='lat' dir='ltr'><strong>ooniidere</strong></span> <span class='ocrx_word' id='word_1_53' title='bbox 485 992 525 1058; x_wconf 90' lang='lat' dir='ltr'><strong>de</strong></span> <span class='ocrx_word' id='word_1_54' title='bbox 549 991 661 1058; x_wconf 84' lang='lat' dir='ltr'><strong>ationis</strong></span> <span class='ocrx_word' id='word_1_55' title='bbox 686 991 869 1071; x_wconf 85' lang='lat' dir='ltr'><strong>virtutihus,</strong></span> <span class='ocrx_word' id='word_1_56' title='bbox 894 991 953 1058; x_wconf 93' lang='lat' dir='ltr'><strong>nisi</strong></span> <span class='ocrx_word' id='word_1_57' title='bbox 970 999 1003 1058; x_wconf 93' lang='lat' dir='ltr'><strong>et</strong></span> <span class='ocrx_word' id='word_1_58' title='bbox 1017 1009 1076 1057; x_wconf 91' lang='lat' dir='ltr'><strong>nos</strong></span> <span class='ocrx_word' id='word_1_59' title='bbox 1099 1009 1271 1077; x_wconf 87' lang='lat' dir='ltr'><strong>proposse</strong></span> 
     </span>
     <span class='ocr_line' id='line_1_9' title="bbox 301 1097 1270 1183; baseline -0.002 -17"><span class='ocrx_word' id='word_1_60' title='bbox 301 1100 499 1178; x_wconf 81' lang='lat' dir='ltr'><strong>studeamus,</strong></span> <span class='ocrx_word' id='word_1_61' title='bbox 524 1107 559 1166; x_wconf 94' lang='lat' dir='ltr'><strong>ut</strong></span> <span class='ocrx_word' id='word_1_62' title='bbox 582 1100 650 1174; x_wconf 56' lang='lat' dir='ltr'><strong>has,</strong></span> <span class='ocrx_word' id='word_1_63' title='bbox 665 1100 696 1164; x_wconf 93' lang='lat' dir='ltr'><strong>in</strong></span> <span class='ocrx_word' id='word_1_64' title='bbox 721 1097 958 1183; x_wconf 85' lang='lat' dir='ltr'><strong>nobismetipsis</strong></span> <span class='ocrx_word' id='word_1_65' title='bbox 973 1098 1162 1177; x_wconf 80' lang='lat' dir='ltr'><strong>habeamus,</strong></span> <span class='ocrx_word' id='word_1_66' title='bbox 1187 1099 1270 1166; x_wconf 89' lang='lat' dir='ltr'><strong>siout</strong></span> 
     </span>
     <span class='ocr_line' id='line_1_10' title="bbox 301 1203 1269 1291; baseline -0.001 -20"><span class='ocrx_word' id='word_1_67' title='bbox 301 1205 442 1291; x_wconf 84' lang='lat' dir='ltr'><strong>quidam,</strong></span> <span class='ocrx_word' id='word_1_68' title='bbox 459 1205 513 1290; x_wconf 85' lang='lat' dir='ltr'><strong>qui</strong></span> <span class='ocrx_word' id='word_1_69' title='bbox 535 1204 606 1271; x_wconf 91' lang='lat' dir='ltr'><strong>ideo</strong></span> <span class='ocrx_word' id='word_1_70' title='bbox 629 1203 813 1271; x_wconf 87' lang='lat' dir='ltr'><strong>desiderant</strong></span> <span class='ocrx_word' id='word_1_71' title='bbox 836 1221 906 1270; x_wconf 90' lang='lat' dir='ltr'><strong>esse</strong></span> <span class='ocrx_word' id='word_1_72' title='bbox 929 1221 1004 1270; x_wconf 87' lang='lat' dir='ltr'><strong>eum</strong></span> <span class='ocrx_word' id='word_1_73' title='bbox 1029 1204 1181 1289; x_wconf 82' lang='lat' dir='ltr'><strong>pacificis,</strong></span> <span class='ocrx_word' id='word_1_74' title='bbox 1206 1223 1269 1270; x_wconf 95' lang='lat' dir='ltr'><strong>non</strong></span> 
     </span>
     <span class='ocr_line' id='line_1_11' title="bbox 301 1310 1270 1397; baseline -0.001 -19"><span class='ocrx_word' id='word_1_75' title='bbox 301 1321 337 1378; x_wconf 91' lang='lat' dir='ltr'><strong>ut</strong></span> <span class='ocrx_word' id='word_1_76' title='bbox 359 1311 510 1396; x_wconf 84' lang='lat' dir='ltr'><strong>exemplo</strong></span> <span class='ocrx_word' id='word_1_77' title='bbox 539 1328 650 1377; x_wconf 88' lang='lat' dir='ltr'><strong>eorum</strong></span> <span class='ocrx_word' id='word_1_78' title='bbox 688 1311 833 1377; x_wconf 90' lang='lat' dir='ltr'><strong>tahorent</strong></span> <span class='ocrx_word' id='word_1_79' title='bbox 864 1310 933 1377; x_wconf 86' lang='lat' dir='ltr'><strong>heri</strong></span> <span class='ocrx_word' id='word_1_80' title='bbox 957 1311 1126 1397; x_wconf 86' lang='lat' dir='ltr'><strong>patientes,</strong></span> <span class='ocrx_word' id='word_1_81' title='bbox 1151 1311 1207 1378; x_wconf 86' lang='lat' dir='ltr'><strong>sed</strong></span> <span class='ocrx_word' id='word_1_82' title='bbox 1232 1320 1270 1378; x_wconf 90' lang='lat' dir='ltr'><strong>ut</strong></span> 
     </span>
     <span class='ocr_line' id='line_1_12' title="bbox 247 1417 1270 1504; baseline -0.002 -18"><span class='ocrx_word' id='word_1_83' title='bbox 247 1417 250 1422; x_wconf 83' lang='grc'>’</span> <span class='ocrx_word' id='word_1_84' title='bbox 299 1419 341 1486; x_wconf 89' lang='lat' dir='ltr'><strong>ah</strong></span> <span class='ocrx_word' id='word_1_85' title='bbox 364 1419 410 1485; x_wconf 88' lang='lat' dir='ltr'><strong>eis</strong></span> <span class='ocrx_word' id='word_1_86' title='bbox 433 1419 473 1484; x_wconf 86' lang='lat' dir='ltr'><strong>ad</strong></span> <span class='ocrx_word' id='word_1_87' title='bbox 499 1417 727 1503; x_wconf 88' lang='lat' dir='ltr'><strong>impatientiam</strong></span> <span class='ocrx_word' id='word_1_88' title='bbox 751 1435 813 1483; x_wconf 95' lang='lat' dir='ltr'><strong>non</strong></span> <span class='ocrx_word' id='word_1_89' title='bbox 830 1425 1056 1502; x_wconf 78' lang='lat' dir='ltr'><strong>provocentur.</strong></span> <span class='ocrx_word' id='word_1_90' title='bbox 1073 1418 1157 1502; x_wconf 84' lang='lat' dir='ltr'><strong>Quid</strong></span> <span class='ocrx_word' id='word_1_91' title='bbox 1175 1417 1270 1504; x_wconf 91' lang='lat' dir='ltr'><strong>prod-</strong></span> 
     </span>
     <span class='ocr_line' id='line_1_13' title="bbox 300 1523 1269 1604; baseline -0.001 -11"><span class='ocrx_word' id='word_1_92' title='bbox 300 1531 348 1593; x_wconf 91' lang='lat' dir='ltr'><strong>est</strong></span> <span class='ocrx_word' id='word_1_93' title='bbox 371 1525 558 1592; x_wconf 82' lang='lat' dir='ltr'><strong>Sanctorum</strong></span> <span class='ocrx_word' id='word_1_94' title='bbox 594 1523 840 1592; x_wconf 82' lang='lat' dir='ltr'><strong>contubernium</strong></span> <span class='ocrx_word' id='word_1_95' title='bbox 878 1524 1007 1604; x_wconf 88' lang='lat' dir='ltr'><strong>hahere,</strong></span> <span class='ocrx_word' id='word_1_96' title='bbox 1039 1525 1064 1592; x_wconf 90' lang='lat' dir='ltr'><strong>si</strong></span> <span class='ocrx_word' id='word_1_97' title='bbox 1094 1525 1179 1591; x_wconf 88' lang='lat' dir='ltr'><strong>notis</strong></span> <span class='ocrx_word' id='word_1_98' title='bbox 1213 1543 1269 1592; x_wconf 88' lang='lat' dir='ltr'><strong>eos</strong></span> 
     </span>
     <span class='ocr_line' id='line_1_14' title="bbox 300 1630 1268 1698; baseline 0 0"><span class='ocrx_word' id='word_1_99' title='bbox 300 1632 332 1698; x_wconf 92' lang='lat' dir='ltr'><strong>in</strong></span> <span class='ocrx_word' id='word_1_100' title='bbox 356 1631 463 1698; x_wconf 90' lang='lat' dir='ltr'><strong>studio</strong></span> <span class='ocrx_word' id='word_1_101' title='bbox 487 1631 660 1698; x_wconf 84' lang='lat' dir='ltr'><strong>sanctitatis</strong></span> <span class='ocrx_word' id='word_1_102' title='bbox 683 1630 827 1697; x_wconf 77' lang='lat' dir='ltr'><strong>imitari?</strong></span> <span class='ocrx_word' id='word_1_103' title='bbox 852 1667 893 1679; x_wconf 93' lang='lat'><em>—</em></span> <span class='ocrx_word' id='word_1_104' title='bbox 918 1630 1023 1697; x_wconf 87' lang='lat' dir='ltr'><strong>Onera</strong></span> <span class='ocrx_word' id='word_1_105' title='bbox 1046 1631 1268 1698; x_wconf 70' lang='lat' dir='ltr'><strong>caathitarum</strong></span> 
     </span>
     <span class='ocr_line' id='line_1_15' title="bbox 300 1737 1268 1823; baseline 0 -18"><span class='ocrx_word' id='word_1_106' title='bbox 300 1737 479 1805; x_wconf 88' lang='lat' dir='ltr'><strong>seeundum</strong></span> <span class='ocrx_word' id='word_1_107' title='bbox 517 1737 682 1804; x_wconf 83' lang='lat' dir='ltr'><strong>materiam</strong></span> <span class='ocrx_word' id='word_1_108' title='bbox 707 1737 798 1802; x_wconf 85' lang='lat' dir='ltr'><strong>duro</strong></span> <span class='ocrx_word' id='word_1_109' title='bbox 833 1745 934 1817; x_wconf 84' lang='lat' dir='ltr'><strong>erant,</strong></span> <span class='ocrx_word' id='word_1_110' title='bbox 970 1737 1027 1804; x_wconf 92' lang='lat' dir='ltr'><strong>sed</strong></span> <span class='ocrx_word' id='word_1_111' title='bbox 1056 1738 1210 1823; x_wconf 83' lang='lat' dir='ltr'><strong>pretioso</strong></span> <span class='ocrx_word' id='word_1_112' title='bbox 1235 1746 1268 1805; x_wconf 86' lang='lat' dir='ltr'><strong>et</strong></span> 
     </span>
     <span class='ocr_line' id='line_1_16' title="bbox 300 1842 1267 1928; baseline 0.004 -22"><span class='ocrx_word' id='word_1_113' title='bbox 300 1849 420 1907; x_wconf 76' lang='lat' dir='ltr'><strong>sonato</strong></span> <span class='ocrx_word' id='word_1_114' title='bbox 455 1850 486 1908; x_wconf 92' lang='lat' dir='ltr'><strong>et</strong></span> <span class='ocrx_word' id='word_1_115' title='bbox 522 1842 686 1908; x_wconf 85' lang='lat' dir='ltr'><strong>interiora</strong></span> <span class='ocrx_word' id='word_1_116' title='bbox 719 1843 792 1921; x_wconf 83' lang='lat' dir='ltr'><strong>situ,</strong></span> <span class='ocrx_word' id='word_1_117' title='bbox 817 1843 892 1928; x_wconf 89' lang='lat' dir='ltr'><strong>quia</strong></span> <span class='ocrx_word' id='word_1_118' title='bbox 916 1843 1024 1910; x_wconf 86' lang='lat' dir='ltr'><strong>studia</strong></span> <span class='ocrx_word' id='word_1_119' title='bbox 1047 1843 1267 1928; x_wconf 84' lang='lat' dir='ltr'><strong>spiritualium</strong></span> 
     </span>
     <span class='ocr_line' id='line_1_17' title="bbox 300 1947 1269 2034; baseline 0.007 -23"><span class='ocrx_word' id='word_1_120' title='bbox 300 1948 457 2015; x_wconf 85' lang='lat' dir='ltr'><strong>virtutum</strong></span> <span class='ocrx_word' id='word_1_121' title='bbox 483 1947 653 2014; x_wconf 81' lang='lat' dir='ltr'><strong>todorioso</strong></span> <span class='ocrx_word' id='word_1_122' title='bbox 676 1957 752 2016; x_wconf 93' lang='lat' dir='ltr'><strong>sunt</strong></span> <span class='ocrx_word' id='word_1_123' title='bbox 775 1949 969 2034; x_wconf 78' lang='lat' dir='ltr'><strong>imperfectis</strong></span> <span class='ocrx_word' id='word_1_124' title='bbox 992 1951 1110 2031; x_wconf 88' lang='lat' dir='ltr'><strong>adhue,</strong></span> <span class='ocrx_word' id='word_1_125' title='bbox 1135 1951 1192 2018; x_wconf 90' lang='lat' dir='ltr'><strong>sed</strong></span> <span class='ocrx_word' id='word_1_126' title='bbox 1210 1971 1269 2018; x_wconf 77' lang='lat' dir='ltr'><strong>no</strong></span> 
     </span>
     <span class='ocr_line' id='line_1_18' title="bbox 301 2054 1269 2142; baseline 0.004 -21"><span class='ocrx_word' id='word_1_127' title='bbox 301 2054 382 2121; x_wconf 83' lang='lat' dir='ltr'><strong>ditio</strong></span> <span class='ocrx_word' id='word_1_128' title='bbox 406 2055 559 2141; x_wconf 85' lang='lat' dir='ltr'><strong>dignitate</strong></span> <span class='ocrx_word' id='word_1_129' title='bbox 594 2056 778 2135; x_wconf 72' lang='lat' dir='ltr'><strong>honestatis</strong></span> <span class='ocrx_word' id='word_1_130' title='bbox 803 2065 834 2122; x_wconf 91' lang='lat' dir='ltr'><strong>et</strong></span> <span class='ocrx_word' id='word_1_131' title='bbox 868 2064 1001 2135; x_wconf 85' lang='lat' dir='ltr'><strong>saneto,</strong></span> <span class='ocrx_word' id='word_1_132' title='bbox 1029 2057 1107 2142; x_wconf 86' lang='lat' dir='ltr'><strong>quia</strong></span> <span class='ocrx_word' id='word_1_133' title='bbox 1131 2057 1269 2126; x_wconf 86' lang='lat' dir='ltr'><strong>sanctifi·</strong></span> 
     </span>
     <span class='ocr_line' id='line_1_19' title="bbox 300 2162 1268 2250; baseline 0.005 -22"><span class='ocrx_word' id='word_1_134' title='bbox 300 2171 382 2242; x_wconf 85' lang='lat' dir='ltr'><strong>eant,</strong></span> <span class='ocrx_word' id='word_1_135' title='bbox 413 2171 444 2228; x_wconf 88' lang='lat' dir='ltr'><strong>et</strong></span> <span class='ocrx_word' id='word_1_136' title='bbox 475 2162 651 2241; x_wconf 81' lang='lat' dir='ltr'><strong>interiore,</strong></span> <span class='ocrx_word' id='word_1_137' title='bbox 676 2163 751 2250; x_wconf 85' lang='lat' dir='ltr'><strong>quia</strong></span> <span class='ocrx_word' id='word_1_138' title='bbox 785 2163 816 2228; x_wconf 91' lang='lat' dir='ltr'><strong>in</strong></span> <span class='ocrx_word' id='word_1_139' title='bbox 850 2164 965 2249; x_wconf 89' lang='lat' dir='ltr'><strong>spiritu</strong></span> <span class='ocrx_word' id='word_1_140' title='bbox 989 2166 1114 2245; x_wconf 88' lang='lat' dir='ltr'><strong>mentis,</strong></span> <span class='ocrx_word' id='word_1_141' title='bbox 1150 2166 1182 2232; x_wconf 93' lang='lat' dir='ltr'><strong>id</strong></span> <span class='ocrx_word' id='word_1_142' title='bbox 1218 2175 1268 2234; x_wconf 86' lang='lat' dir='ltr'><strong>est</strong></span> 
     </span>
     <span class='ocr_line' id='line_1_20' title="bbox 300 2269 1267 2356; baseline 0.005 -22"><span class='ocrx_word' id='word_1_143' title='bbox 300 2270 331 2335; x_wconf 92' lang='lat' dir='ltr'><strong>in</strong></span> <span class='ocrx_word' id='word_1_144' title='bbox 357 2269 499 2336; x_wconf 88' lang='lat' dir='ltr'><strong>interiori</strong></span> <span class='ocrx_word' id='word_1_145' title='bbox 524 2270 660 2336; x_wconf 88' lang='lat' dir='ltr'><strong>homine.</strong></span> <span class='ocrx_word' id='word_1_146' title='bbox 686 2307 730 2320; x_wconf 81' lang='lat'>—</span> <span class='ocrx_word' id='word_1_147' title='bbox 759 2269 871 2336; x_wconf 88' lang='lat' dir='ltr'><strong>Veluto</strong></span> <span class='ocrx_word' id='word_1_148' title='bbox 896 2278 1002 2338; x_wconf 90' lang='lat' dir='ltr'><strong>tamen</strong></span> <span class='ocrx_word' id='word_1_149' title='bbox 1022 2272 1194 2356; x_wconf 87' lang='lat' dir='ltr'><strong>portahant</strong></span> <span class='ocrx_word' id='word_1_150' title='bbox 1217 2290 1267 2352; x_wconf 90' lang='lat' dir='ltr'><strong>ea,</strong></span> 
     </span>
     <span class='ocr_line' id='line_1_21' title="bbox 300 2374 1267 2463; baseline 0.001 -22"><span class='ocrx_word' id='word_1_151' title='bbox 300 2375 385 2460; x_wconf 85' lang='lat' dir='ltr'><strong>quia,</strong></span> <span class='ocrx_word' id='word_1_152' title='bbox 410 2375 487 2442; x_wconf 91' lang='lat' dir='ltr'><strong>dum</strong></span> <span class='ocrx_word' id='word_1_153' title='bbox 513 2375 564 2442; x_wconf 87' lang='lat' dir='ltr'><strong>hio</strong></span> <span class='ocrx_word' id='word_1_154' title='bbox 585 2384 646 2461; x_wconf 85' lang='lat' dir='ltr'><strong>per&#39;</strong></span> <span class='ocrx_word' id='word_1_155' title='bbox 672 2374 772 2460; x_wconf 76' lang='lat' dir='ltr'><strong>fidem</strong></span> <span class='ocrx_word' id='word_1_156' title='bbox 803 2374 1018 2442; x_wconf 83' lang='lat' dir='ltr'><strong>ambulamos</strong></span> <span class='ocrx_word' id='word_1_157' title='bbox 1048 2384 1079 2442; x_wconf 85' lang='lat' dir='ltr'><strong>et</strong></span> <span class='ocrx_word' id='word_1_158' title='bbox 1109 2395 1177 2442; x_wconf 86' lang='lat' dir='ltr'><strong>non</strong></span> <span class='ocrx_word' id='word_1_159' title='bbox 1207 2396 1267 2463; x_wconf 84' lang='lat' dir='ltr'><strong>per</strong></span> 
     </span>
     <span class='ocr_line' id='line_1_22' title="bbox 298 2481 1265 2568; baseline 0.004 -22"><span class='ocrx_word' id='word_1_160' title='bbox 298 2481 439 2566; x_wconf 85' lang='lat' dir='ltr'><strong>speeiem</strong></span> <span class='ocrx_word' id='word_1_161' title='bbox 456 2481 479 2561; x_wconf 82' lang='lat'><strong>²,</strong></span> <span class='ocrx_word' id='word_1_162' title='bbox 503 2483 645 2549; x_wconf 92' lang='lat' dir='ltr'><strong>nondum</strong></span> <span class='ocrx_word' id='word_1_163' title='bbox 668 2481 814 2549; x_wconf 90' lang='lat' dir='ltr'><strong>videmus</strong></span> <span class='ocrx_word' id='word_1_164' title='bbox 833 2483 986 2549; x_wconf 87' lang='lat' dir='ltr'><strong>virtutum</strong></span> <span class='ocrx_word' id='word_1_165' title='bbox 1005 2483 1154 2550; x_wconf 85' lang='lat' dir='ltr'><strong>decorem</strong></span> <span class='ocrx_word' id='word_1_166' title='bbox 1172 2501 1265 2568; x_wconf 85' lang='lat' dir='ltr'><strong>puro,</strong></span> 
     </span>
     <span class='ocr_line' id='line_1_23' title="bbox 301 2588 1266 2674; baseline 0.003 -19"><span class='ocrx_word' id='word_1_167' title='bbox 301 2588 383 2656; x_wconf 90' lang='lat' dir='ltr'><strong>siout</strong></span> <span class='ocrx_word' id='word_1_168' title='bbox 405 2596 463 2668; x_wconf 90' lang='lat' dir='ltr'><strong>est,</strong></span> <span class='ocrx_word' id='word_1_169' title='bbox 487 2595 518 2655; x_wconf 91' lang='lat' dir='ltr'><strong>et</strong></span> <span class='ocrx_word' id='word_1_170' title='bbox 536 2589 565 2654; x_wconf 92' lang='lat' dir='ltr'><strong>in</strong></span> <span class='ocrx_word' id='word_1_171' title='bbox 583 2590 781 2656; x_wconf 85' lang='lat' dir='ltr'><strong>exteriorum</strong></span> <span class='ocrx_word' id='word_1_172' title='bbox 799 2607 933 2674; x_wconf 90' lang='lat' dir='ltr'><strong>operum</strong></span> <span class='ocrx_word' id='word_1_173' title='bbox 951 2590 1113 2657; x_wconf 82' lang='lat' dir='ltr'><strong>exercitiis</strong></span> <span class='ocrx_word' id='word_1_174' title='bbox 1134 2607 1266 2658; x_wconf 88' lang='lat' dir='ltr'><strong>necesse</strong></span> 
     </span>
     <span class='ocr_line' id='line_1_24' title="bbox 299 2694 1266 2784; baseline 0.002 -22"><span class='ocrx_word' id='word_1_175' title='bbox 299 2701 347 2762; x_wconf 89' lang='lat' dir='ltr'><strong>est</strong></span> <span class='ocrx_word' id='word_1_176' title='bbox 370 2713 428 2761; x_wconf 91' lang='lat' dir='ltr'><strong>nos</strong></span> <span class='ocrx_word' id='word_1_177' title='bbox 452 2713 489 2762; x_wconf 86' lang='lat' dir='ltr'><strong>ea</strong></span> <span class='ocrx_word' id='word_1_178' title='bbox 513 2694 675 2762; x_wconf 85' lang='lat' dir='ltr'><strong>involvere</strong></span> <span class='ocrx_word' id='word_1_179' title='bbox 700 2704 762 2762; x_wconf 90' lang='lat' dir='ltr'><strong>tam</strong></span> <span class='ocrx_word' id='word_1_180' title='bbox 785 2714 843 2782; x_wconf 92' lang='lat' dir='ltr'><strong>pro</strong></span> <span class='ocrx_word' id='word_1_181' title='bbox 863 2703 973 2763; x_wconf 92' lang='lat' dir='ltr'><strong>nostro</strong></span> <span class='ocrx_word' id='word_1_182' title='bbox 996 2696 1150 2764; x_wconf 84' lang='lat' dir='ltr'><strong>exercitio</strong></span> <span class='ocrx_word' id='word_1_183' title='bbox 1167 2716 1266 2784; x_wconf 85' lang='lat' dir='ltr'><strong>quam</strong></span> 
     </span>
     <span class='ocr_line' id='line_1_25' title="bbox 299 2801 1266 2888; baseline 0.002 -20"><span class='ocrx_word' id='word_1_184' title='bbox 299 2819 358 2887; x_wconf 93' lang='lat' dir='ltr'><strong>pro</strong></span> <span class='ocrx_word' id='word_1_185' title='bbox 382 2801 531 2886; x_wconf 86' lang='lat' dir='ltr'><strong>exemplo</strong></span> <span class='ocrx_word' id='word_1_186' title='bbox 554 2801 702 2881; x_wconf 91' lang='lat' dir='ltr'><strong>aliorum,</strong></span> <span class='ocrx_word' id='word_1_187' title='bbox 725 2802 780 2888; x_wconf 85' lang='lat' dir='ltr'><strong>qui</strong></span> <span class='ocrx_word' id='word_1_188' title='bbox 805 2809 942 2870; x_wconf 90' lang='lat' dir='ltr'><strong>mentem</strong></span> <span class='ocrx_word' id='word_1_189' title='bbox 968 2810 1108 2869; x_wconf 88' lang='lat' dir='ltr'><strong>nostram</strong></span> <span class='ocrx_word' id='word_1_190' title='bbox 1133 2821 1198 2870; x_wconf 92' lang='lat' dir='ltr'><strong>nou</strong></span> <span class='ocrx_word' id='word_1_191' title='bbox 1222 2803 1266 2870; x_wconf 86' lang='lat' dir='ltr'><strong>ri·</strong></span> 
     </span>
     <span class='ocr_line' id='line_1_26' title="bbox 299 2907 1266 2994; baseline 0.002 -20"><span class='ocrx_word' id='word_1_192' title='bbox 299 2907 375 2974; x_wconf 90' lang='lat' dir='ltr'><strong>dent</strong></span> <span class='ocrx_word' id='word_1_193' title='bbox 398 2908 458 2973; x_wconf 92' lang='lat' dir='ltr'><strong>nisi</strong></span> <span class='ocrx_word' id='word_1_194' title='bbox 488 2925 543 2993; x_wconf 91' lang='lat' dir='ltr'><strong>per</strong></span> <span class='ocrx_word' id='word_1_195' title='bbox 577 2908 707 2994; x_wconf 80' lang='lat' dir='ltr'><strong>vestigia</strong></span> <span class='ocrx_word' id='word_1_196' title='bbox 738 2909 938 2975; x_wconf 84' lang='lat' dir='ltr'><strong>exteriorum</strong></span> <span class='ocrx_word' id='word_1_197' title='bbox 969 2927 1104 2994; x_wconf 88' lang='lat' dir='ltr'><strong>operum</strong></span> <span class='ocrx_word' id='word_1_198' title='bbox 1136 2918 1170 2977; x_wconf 87' lang='lat' dir='ltr'><strong>et</strong></span> <span class='ocrx_word' id='word_1_199' title='bbox 1200 2929 1266 2978; x_wconf 83' lang='lat' dir='ltr'><strong>mo</strong></span> 
     </span>
     <span class='ocr_line' id='line_1_27' title="bbox 300 3031 384 3080; baseline -0.012 0"><span class='ocrx_word' id='word_1_200' title='bbox 300 3031 384 3080; x_wconf 90' lang='lat' dir='ltr'><strong>rum.</strong></span> 
     </span>
    </p>

    <p class='ocr_par' dir='ltr' id='par_1_4' title="bbox 300 3119 1267 3318">
     <span class='ocr_line' id='line_1_28' title="bbox 389 3119 1266 3192; baseline 0.006 -7"><span class='ocrx_word' id='word_1_201' title='bbox 389 3121 418 3185; x_wconf 91' lang='grc'><strong>7.</strong></span> <span class='ocrx_word' id='word_1_202' title='bbox 443 3119 488 3186; x_wconf 89' lang='lat' dir='ltr'><strong>De</strong></span> <span class='ocrx_word' id='word_1_203' title='bbox 512 3120 572 3187; x_wconf 86' lang='lat' dir='ltr'><strong>heo</strong></span> <span class='ocrx_word' id='word_1_204' title='bbox 601 3127 705 3187; x_wconf 87' lang='lat' dir='ltr'><strong>tamen</strong></span> <span class='ocrx_word' id='word_1_205' title='bbox 742 3119 861 3187; x_wconf 80' lang='lat' dir='ltr'><strong>familia</strong></span> <span class='ocrx_word' id='word_1_206' title='bbox 892 3121 1128 3189; x_wconf 86' lang='lat' dir='ltr'><strong>descenderunt</strong></span> <span class='ocrx_word' id='word_1_207' title='bbox 1151 3141 1266 3192; x_wconf 84' lang='lat' dir='ltr'><strong>souer-</strong></span> 
     </span>
     <span class='ocr_line' id='line_1_29' title="bbox 300 3225 1267 3318; baseline 0.006 -26"><span class='ocrx_word' id='word_1_208' title='bbox 300 3225 388 3292; x_wconf 86' lang='lat' dir='ltr'><strong>dotes</strong></span> <span class='ocrx_word' id='word_1_209' title='bbox 411 3244 469 3312; x_wconf 92' lang='lat' dir='ltr'><strong>per</strong></span> <span class='ocrx_word' id='word_1_210' title='bbox 494 3228 639 3293; x_wconf 80' lang='lat' dir='ltr'><strong>Amrum</strong></span> <span class='ocrx_word' id='word_1_211' title='bbox 655 3227 679 3306; x_wconf 84' lang='lat'><strong>³,</strong></span> <span class='ocrx_word' id='word_1_212' title='bbox 703 3227 758 3312; x_wconf 86' lang='lat' dir='ltr'><strong>qui</strong></span> <span class='ocrx_word' id='word_1_213' title='bbox 782 3227 929 3314; x_wconf 79' lang='lat' dir='ltr'><strong>oipitunu</strong></span> <span class='ocrx_word' id='word_1_214' title='bbox 950 3228 1085 3315; x_wconf 77' lang='lat' dir='ltr'><strong>protioe</strong></span> <span class='ocrx_word' id='word_1_215' title='bbox 1108 3230 1267 3318; x_wconf 77' lang='lat' dir='ltr'><strong>interpre</strong></span> 
     </span>
    </p>
   </div>
   <div class='ocr_carea' id='block_1_4' title="bbox 370 3471 1079 3630">
    <p class='ocr_par' dir='ltr' id='par_1_5' title="bbox 370 3471 1079 3630">
     <span class='ocr_line' id='line_1_30' title="bbox 371 3471 1079 3542; baseline 0.006 -18"><span class='ocrx_word' id='word_1_216' title='bbox 371 3471 378 3505; x_wconf 92' lang='lat'>¹</span> <span class='ocrx_word' id='word_1_217' title='bbox 400 3473 475 3526; x_wconf 83' lang='lat' dir='ltr'><strong>Rom.</strong></span> <span class='ocrx_word' id='word_1_218' title='bbox 497 3475 538 3541; x_wconf 83' lang='lat' dir='ltr'><strong>m,</strong></span> <span class='ocrx_word' id='word_1_219' title='bbox 559 3475 584 3526; x_wconf 82' lang='lat' dir='ltr'><strong>i.</strong></span> <span class='ocrx_word' id='word_1_220' title='bbox 852 3473 863 3504; x_wconf 85' lang='lat'><strong>¹</strong></span> <span class='ocrx_word' id='word_1_221' title='bbox 883 3475 909 3527; x_wconf 91' lang='lat' dir='ltr'><strong>u.</strong></span> <span class='ocrx_word' id='word_1_222' title='bbox 929 3473 989 3528; x_wconf 89' lang='lat' dir='ltr'><strong>Cor.</strong></span> <span class='ocrx_word' id='word_1_223' title='bbox 1007 3475 1032 3542; x_wconf 82' lang='grc'><strong>5,</strong></span> <span class='ocrx_word' id='word_1_224' title='bbox 1052 3475 1079 3528; x_wconf 84' lang='lat'><strong>7.</strong></span> 
     </span>
     <span class='ocr_line' id='line_1_31' title="bbox 370 3556 835 3630; baseline 0.013 -20"><span class='ocrx_word' id='word_1_225' title='bbox 370 3556 381 3588; x_wconf 76' lang='lat'><strong>³</strong></span> <span class='ocrx_word' id='word_1_226' title='bbox 400 3559 480 3613; x_wconf 82' lang='lat' dir='ltr'><strong>Exod.</strong></span> <span class='ocrx_word' id='word_1_227' title='bbox 499 3564 525 3628; x_wconf 81' lang='lat' dir='ltr'><strong>d,</strong></span> <span class='ocrx_word' id='word_1_228' title='bbox 545 3563 588 3615; x_wconf 77' lang='grc'><strong>48.</strong></span> <span class='ocrx_word' id='word_1_229' title='bbox 606 3569 631 3616; x_wconf 90' lang='lat' dir='ltr'><strong>et</strong></span> <span class='ocrx_word' id='word_1_230' title='bbox 649 3562 727 3614; x_wconf 90' lang='lat' dir='ltr'><strong>Num.</strong></span> <span class='ocrx_word' id='word_1_231' title='bbox 746 3564 772 3630; x_wconf 87' lang='grc'><strong>3,</strong></span> <span class='ocrx_word' id='word_1_232' title='bbox 793 3564 835 3616; x_wconf 84' lang='lat' dir='ltr'><strong>ts.</strong></span> 
     </span>
    </p>
   </div>
   <div class='ocr_carea' id='block_1_5' title="bbox 0 0 1400 4310">
    <p class='ocr_par' dir='ltr' id='par_1_6' title="bbox 0 0 1400 4310">
     <span class='ocr_line' id='line_1_32' title="bbox 0 0 1400 4310; baseline 0 0"><span class='ocrx_word' id='word_1_233' title='bbox 0 0 1400 4310; x_wconf 95' lang='lat' dir='ltr'><strong> </strong></span> 
     </span>
    </p>
   </div>
  </div>
 </body>
</html>
