2808 4318
280 219 344 284 200
560 263 564 268 -
635 239 723 288 omne
746 241 884 290 ruamus.

279 357 351 408 men
375 341 416 407 alr
438 340 510 408 aliis
533 341 651 411 illicitis
668 343 769 412 nolint
783 347 954 427 abstinere,
970 348 1021 414 rel
1038 367 1250 436 quocumque

279 444 374 512 modo
405 445 518 512 nolunt
550 447 670 514 bonum
702 450 864 536 inceptum
896 452 936 518 ad
972 451 1069 519 linem
1094 453 1246 522 debitum

278 553 467 637 perducere,
484 553 534 620 vel
553 554 648 622 etiam
665 555 750 641 plue,
766 575 863 643 quam
879 557 1016 626 debeant
1032 567 1064 626 et
1079 561 1248 646 expediat,

278 659 390 726 volunt
420 659 511 726 bonis
541 662 693 746 operibus
723 663 885 745 insudare,
917 673 953 732 ut
986 666 1041 751 qui
1071 666 1248 736 indiscrete

279 767 464 852 castigando
488 785 522 834 so
545 768 710 854 perimunt
734 770 784 838 vel
807 772 847 838 ad
883 772 1039 840 insaniam
1064 783 1096 840 et
1117 774 1249 842 destru-

277 873 413 941 ctionem
438 874 487 941 sui
510 876 703 961 pertrahunt
738 877 934 965 semetipsos.
971 879 1015 946 lld
1041 880 1245 947 Romanos¹z

278 979 489 1048 Retiouoddte
512 980 889 1068 claromontanorum
906 985 1071 1052 leremias:
1090 986 1181 1069 Quia
1195 985 1248 1072 fe

279 1086 324 1152 cr't
346 1086 435 1172 plur,
459 1105 562 1176 quum
593 1088 714 1174 potuit,
745 1097 926 1176 propterea
945 1091 1133 1178 perierunt,
1156 1094 1246 1181 poio

279 1194 425 1260 coutrr'or'
446 1193 542 1261 Moab
565 1195 667 1283 quest
688 1215 749 1262 nus
780 1196 908 1264 inutile.
931 1198 1059 1285 Duplex
1082 1207 1131 1266 εει
1154 1199 1244 1282 enim

277 1301 459 1386 plenitudo:
485 1318 549 1367 uua
572 1301 789 1382 morositatis,
813 1303 916 1371 altera
936 1301 1170 1391 perfectiouir,·
1185 1325 1245 1372 rre-

278 1407 443 1474 ecorr'tutr's
466 1415 514 1474 est
539 1406 603 1486 illa,
626 1426 709 1494 quae
733 1409 840 1476 minus
864 1410 983 1478 habere
999 1427 1061 1477 nou
1079 1418 1183 1497 potest
1198 1412 1244 1480 ad

278 1513 427 1594 salutem,
450 1523 485 1581 ut
519 1515 722 1582 observantia
757 1524 1020 1603 praeceptorum
1044 1517 1078 1583 oi
1106 1517 1158 1584 vro
1192 1520 1246 1586 ad

277 1621 383 1688 vitum
408 1621 551 1708 inpaedi,
585 1640 685 1688 cervo
720 1622 921 1689 muudoto¹.
946 1622 1111 1690 Plenitudo
1132 1621 1244 1710 perse

277 1727 398 1794 utiocto
429 1734 477 1794 est
512 1727 654 1812 impletio
688 1727 912 1806 consiliorum
935 1728 968 1794 oi
989 1729 1040 1794 vie
1067 1725 1242 1816 perfector

277 1853 356 1913 erce,
381 1835 465 1901 voda
487 1843 516 1901 et
543 1834 644 1900 vende
678 1834 916 1922 optemperare
946 1832 1046 1902 dobeo
1068 1842 1140 1914 eto,
1162 1853 1240 1902 cum

276 1941 409 2028 reliquis
432 1941 572 2008 consiliis
602 1941 804 2027 evangelicis.
828 1941 872 2008 td
905 1942 983 2009 haec
1007 1960 1069 2008 non
1102 1950 1244 2022 tenetur,

277 2047 336 2114 nisi
363 2047 416 2134 qui
441 2065 479 2114 ea
501 2055 613 2133 sponte
639 2048 770 2126 voverit,
794 2057 830 2115 nt
856 2047 1010 2133 Religiosi‚
1031 2065 1114 2134 quae
1130 2055 1240 2116 tamen

278 2161 348 2238 post
372 2161 482 2220 votnm
514 2154 594 2220 liunt
626 2153 804 2221 necessaria
838 2153 879 2222 ad
904 2153 1058 2234 salutem;
1083 2153 1240 2222 Deutero-

278 2261 420 2326 numium
435 2260 464 2326 ⁸:
492 2260 575 2327 Cum
599 2268 711 2326 votum
743 2259 873 2328 voveris
898 2260 1051 2339 Domino,
1074 2278 1141 2326 ooo
1172 2269 1243 2327 tur·

277 2365 374 2433 dudm
396 2367 545 2446 reddere,
567 2367 651 2454 poio
673 2367 820 2455 requiret
842 2365 1008 2434 Dominus
1033 2367 1121 2434 near
1144 2375 1240 2446 tuor,

276 2480 306 2538 et
328 2473 360 2539 ri
382 2481 536 2540 ororetur
557 2469 680 2560 (oeric,
696 2471 910 2558 reputabitur
927 2470 988 2539 tibi
1002 2471 1239 2558 lupercorum

366 2579 397 2646 3.
413 2580 505 2664 Quod
521 2587 594 2647 ante
611 2587 719 2646 rutum
746 2579 883 2646 liberum
899 2578 959 2646 luit
976 2596 1093 2647 vovere
1108 2578 1159 2646 rel
1176 2595 1241 2646 non

277 2702 404 2766 rovere,
420 2692 451 2754 ει
467 2685 570 2754 lacere
587 2693 618 2752 et
633 2703 696 2752 non
712 2685 817 2752 lacere
833 2687 901 2752 sino
917 2693 1057 2771 peccato,
1069 2684 1150 2753 illud
1167 2693 1242 2772 post

277 2800 386 2860 retum
411 2793 474 2859 iam
509 2792 725 2860 necessarium
759 2792 821 2859 erit
857 2791 1002 2878 implere,
1032 2800 1065 2858 et
1088 2791 1151 2860 iam
1174 2809 1241 2859 non

274 2904 340 2965 tam
365 2907 413 2966 est
437 2899 468 2966 iu
492 2899 624 2967 consilio
646 2893 743 2985 quam
769 2900 800 2965 iu
832 2906 1013 2985 praecepto,
1036 2907 1069 2968 ει
1092 2898 1176 2966 sicut
1198 2898 1241 2966 de

276 3005 436 3091 praecepti
460 3007 712 3092 transgressione
735 3023 811 3074 reus
833 3014 891 3094 est,
905 3005 1117 3074 damnationis
1139 3013 1242 3074 aeter·

276 3130 345 3192 nae,
361 3113 451 3180 itaet
467 3113 507 3182 de
525 3114 586 3181 voti
613 3112 903 3200 praevaricatione;
919 3112 1010 3180 rerhi
1026 3111 1139 3198 gratia,
1155 3112 1241 3180 stom

275 3220 449 3288 saecularis
473 3221 645 3287 damnatur
668 3238 728 3307 pro
751 3220 958 3288 fornicatione
986 3220 1037 3287 vel
1066 3219 1241 3287 homicidio

276 3326 326 3394 vel
350 3326 457 3404 simili,
475 3328 517 3394 ita
533 3327 696 3413 professus
712 3325 862 3412 Regulam
881 3327 913 3393 in
931 3325 1089 3413 Religione
1109 3326 1243 3396 damna·

346 3465 356 3498 ¹
375 3466 439 3534 Cep.
460 3468 502 3534 te,
524 3471 551 3535 l;
570 3471 690 3538 sequitur
708 3471 757 3523 ter.
775 3468 819 3536 18,
841 3469 884 3522 36.
903 3465 946 3522 38.

345 3553 356 3588 ¹
376 3558 463 3612 Metto.
478 3558 521 3625 l9,
539 3559 579 3612 rt.
592 3559 690 3614 etdeiu
710 3561 753 3613 21.
826 3557 920 3625 ³Cop.
940 3562 984 3628 2³,
1005 3561 1048 3614 tr.
