819 1202
202 111 235 128 264
380 115 424 127 moun
436 116 505 127 Tsn‘rtus.

202 151 222 165 —.
233 141 320 158 Generalis
328 141 418 158 obedientia
428 143 458 161 est,
466 146 498 163 qua
506 146 561 159 omnes
570 142 626 159 fideles
634 142 650 159 in
661 142 696 159 Ec—

201 168 250 185 clesia
261 168 357 189 generaliter
369 168 460 189 obligantur
475 168 509 185 suis
524 168 589 185 obedire
605 169 695 190 praelatis,

202 195 258 216 Papae,
270 195 349 216 episcopis
360 197 376 212 et
390 195 467 216 plebanis,
483 195 498 211 in
512 195 542 215 liis,
559 199 601 216 quae
617 200 696 212 canones

201 222 302 243 praecipiunt
313 224 329 238 ot
341 222 376 238 iura
388 226 418 243 pro
425 222 500 238 omnibus
508 221 616 243 promulgata.
624 231 647 234 -—
658 222 696 239 Ge-

201 248 277 265 neralior
288 251 318 267 est,
330 253 362 269 qua
373 248 426 265 omnis
437 250 512 265 creatura
524 248 585 265 ratione
602 250 648 265 utens
667 251 696 265 te-

202 277 250 292 netur
263 275 359 292 voluntatem
372 275 453 297 propriam
466 275 543 292 voluntati
555 276 580 292 sni
597 275 695 292 conditoris

203 302 303 318 conformare
314 306 334 318 ex
347 301 409 318 arbitrii
422 302 500 322 libertate,
508 304 527 318 ut
534 302 603 323 Angelus
611 304 627 319 et
634 302 694 319 homo.

201 338 224 341 —-
238 328 370 345 Generalissima
387 331 416 348 est,
432 333 464 350 qua
479 329 531 345 omnis
546 331 621 346 creatura
633 329 694 346 obedit

202 360 231 372 sno
243 356 319 375 Creatori,
331 355 364 372 sive
376 355 445 372 naturali
458 357 502 372 motu
515 356 570 372 insitae
588 356 694 376 conditionis,

202 384 220 399 ut
237 382 361 401 irrationabilia;
372 382 406 399 sive
418 382 488 403 impulsu
502 383 581 404 potentiae
595 383 693 403 praesiden-

203 409 228 428 tis,
244 411 262 425 ut
277 409 363 425 daemones
379 411 394 425 et
410 409 497 425 malevolae
514 411 579 428 mentes,
595 414 643 431 quae,
658 410 693 426 etsi

202 435 298 457 quandoque
311 435 366 452 volunt
378 435 420 456 quod
434 435 475 452 Deus
487 440 519 452 uon
532 435 570 455 vult,
586 440 618 452 nnn
635 438 693 452 tamen

203 464 274 483 possunt,
286 462 316 478 nisi
329 462 371 484 quod
384 462 427 478 Deus
440 462 478 478 vult.

248 488 330 510 Specialis
341 490 366 505 est
378 488 410 508 illa,
422 493 454 510 qua
466 488 519 505 clerici
532 488 623 510 specialiter
635 490 692 505 teneu-

203 517 230 532 tur
242 515 262 532 ad
275 515 381 532 obedientiam
390 520 457 532 suornm
466 515 574 536 praelatorum
584 516 599 532 in
609 515 638 535 liis,
646 520 692 537 qnae

203 542 223 558 ad
235 542 305 558 officium
318 546 365 558 suum
378 544 450 563 spectant
460 544 476 558 et
484 542 557 559 ordinem
565 542 662 562 clericalem,
672 544 692 559 ut

202 569 283 585 continere
295 571 311 585 et
323 568 392 585 debitam
405 570 487 585 tonsuram
499 569 561 586 deferre
573 571 589 585 et
597 569 655 586 similia
663 574 691 586 sa·

203 595 235 612 cris
247 595 334 612 canonibus
347 600 375 617 pro
383 596 407 612 eis
415 597 479 612 statuta.
488 605 511 608 —-
518 595 611 617 Speeialior
623 598 647 612 est
656 596 691 616 illa,

203 627 235 644 qua
248 622 312 643 propria
326 622 406 639 voluntate
418 622 478 643 obligat
489 627 506 639 se
518 622 576 644 :niquis
588 625 642 639 certae
654 627 692 643 per—

203 653 251 665 sonae
269 649 293 665 vel
313 649 387 670 Religioni
405 649 425 666 ad
438 649 555 666 observantiam
572 649 657 666 limitatam
674 651 691 666 et

204 680 233 697 pro
244 676 311 692 arbitrio
324 676 395 692 voventis
407 676 535 695 determinatam,
543 678 566 695 ut,
575 676 652 697 promitto
660 676 690 693 tihi

203 702 269 719 obedire
281 703 296 719 in
309 702 344 719 istis
355 705 371 719 et
383 707 413 719 non
427 703 442 719 in
454 702 494 722 aliis,
507 702 531 719 vel
540 704 584 719 tanto
593 704 665 724 tempore
672 705 690 719 et

203 733 234 745 non
247 729 294 749 ultra,
306 729 331 745 vel
340 729 366 745 tali
376 729 465 746 conditione
473 731 488 746 et
499 733 530 745 non
538 729 590 748 aliter,
599 729 624 746 vel
633 729 649 745 in
659 729 690 749 liis,

203 760 245 777 quae
257 755 316 777 Regula
328 756 355 772 illa
367 755 416 775 iubet,
427 758 443 772 et
455 755 494 772 nibil
506 756 581 777 amplius.
593 765 615 767 —
624 756 690 777 Specto-

203 782 269 799 lissima
280 782 370 799 ohedientia
382 784 411 802 est,
419 787 451 804 qua
459 782 493 799 sine
505 783 599 803 exceptione
610 782 689 804 promittit

204 808 309 825 obedientiam
322 808 381 830 aliquis
392 808 412 825 ad
424 809 483 828 omnia,
494 813 536 830 quae
544 813 575 825 non
584 810 622 825 suut
633 811 689 825 contra

203 835 272 852 animam
285 840 330 852 suani
339 838 355 852 et
363 835 438 857 Regulam
448 835 501 855 talem,
509 835 536 852 uhi
546 837 577 852 tam
586 835 606 852 ad
615 839 640 855 ea,
647 839 689 857 quae

203 863 241 879 sunt
253 862 326 883 Regulae,
334 866 382 884 quam
391 862 411 879 ad
424 862 455 879 alia
463 866 504 884 quae
512 862 588 879 iubentur
600 866 617 879 se
629 862 690 883 obligat

203 888 250 908 bona,
256 893 297 910 quae
303 889 400 905 conveniunt
407 889 462 905 rationi
469 891 485 905 et
494 889 539 905 liberi
548 888 609 905 arbitrii
618 889 689 905 subsunt

203 916 282 937 potestati,
290 920 327 932 cum
339 916 359 932 ad
369 915 483 932 irrationabilia
491 915 516 932 vel
525 915 630 937 impossibilia
643 919 690 932 nemo

203 942 237 964 cogi
250 942 312 962 debeat,
320 942 361 959 sicut
372 945 388 959 et
399 942 420 959 ad
433 942 486 959 illicita
499 946 545 959 nemo
557 942 604 959 dehet
616 942 688 959 obedire.
