2792 4318
284 186 325 251 78
622 203 711 250 mmm
735 203 908 250 saonuuus.

283 310 478 376 donationes
500 309 683 376 seeundum
704 309 973 396 granataquae
995 309 1079 374 doto
1095 315 1143 373 est
1166 307 1213 373 eis
1225 309 1251 385 ²,

283 425 315 484 et
338 416 516 484 seeundum
552 416 636 502 quod
673 415 809 500 quilibet
843 415 1004 482 studuerit
1027 414 1186 500 protioere
1210 413 1251 482 ad

283 524 428 591 virtutes.
452 523 530 589 Nam
554 523 732 590 seeundum
765 522 851 608 quod
884 523 1020 608 quisque
1044 538 1079 588 se
1103 521 1254 588 habilitat

283 631 323 697 ad
347 631 482 714 gratiam
508 647 564 715 per
589 629 732 696 studium
758 628 925 707 uirtutum,
942 629 1034 694 iuxta
1059 628 1120 694 hoe
1144 627 1252 694 infun-

284 737 371 805 ditur
394 737 422 802 ei
448 737 515 822 ipsa
546 736 649 820 gratia
682 737 711 802 iu
744 735 914 822 praesenti,
937 743 969 803 et
992 735 1095 820 gioria
1119 734 1253 802 dabitur

283 843 311 910 ei
336 843 368 908 iu
392 841 510 908 tuturo.
534 843 564 908 Si
590 859 733 908 summos
766 843 801 924 in¹
830 841 1003 909 virtutibus
1025 841 1128 908 fueris
1152 841 1253 908 imita·

284 957 443 1030 tuscum
468 949 604 1016 summis
626 950 658 1016 in
683 949 784 1034 gioria
807 949 1032 1026 collocaberis;
1063 949 1089 1016 si
1115 949 1251 1027 medios

283 1075 357 1124 orum
381 1056 501 1124 eisdem
526 1055 749 1136 collocassem
775 1057 800 1123 si
826 1056 962 1134 infimos,
986 1055 1081 1122 etiam
1107 1073 1182 1123 eum
1208 1055 1253 1120 iu-

284 1162 368 1230 fimis
392 1163 423 1228 in
456 1162 566 1229 tuturo
599 1163 737 1246 poneris.
774 1162 891 1230 Omnes
925 1162 990 1229 alta
1025 1162 1252 1229 desideramus

285 1271 439 1356 praemia,
469 1271 524 1337 sed
549 1270 642 1355 pauci
680 1279 923 1353 perseueranter
947 1270 1078 1337 student
1113 1269 1154 1335 ad
1186 1269 1251 1336 alta

284 1377 440 1443 uirtutum
477 1377 640 1444 exercitia.
681 1375 903 1462 Gregorius²:
933 1377 1027 1443 «Sed
1055 1377 1095 1443 ad
1134 1394 1251 1461 magna

284 1484 426 1567 praemia
449 1482 610 1570 perueniri
635 1501 696 1548 nou
722 1490 835 1568 potest,
863 1483 922 1549 nisi
947 1499 1005 1567 per
1041 1499 1173 1567 magnos
1209 1481 1252 1548 ia·

283 1589 421 1666 hores»;
446 1609 508 1656 non
533 1590 627 1656 dioit:
642 1607 701 1674 per
714 1608 838 1676 proves
856 1589 991 1668 iabores,
1013 1590 1068 1656 sed
1094 1608 1249 1676 mnpnos,

284 1695 315 1761 id
352 1706 409 1775 est,
443 1696 484 1763 ad
517 1713 649 1781 magnas
678 1696 812 1762 virtutes
845 1703 1070 1781 promoventes
1103 1696 1153 1762 uei
1187 1712 1252 1762 ma·

284 1819 363 1888 guae
385 1802 539 1880 utilitatis
563 1803 620 1870 etsi
645 1821 708 1868 non
733 1819 859 1887 semper
885 1819 1018 1886 maguae
1041 1802 1249 1870 austeritatis.

284 1908 415 1976 Gustata
439 1927 577 1994 namque
614 1909 735 1976 utilitas
769 1915 800 1976 et
830 1908 972 1975 suauitas
1009 1909 1136 1975 virtutis
1173 1909 1250 1976 lenit

285 2014 409 2100 pondus
434 2015 560 2082 laboris

373 2123 403 2187 2.
422 2121 516 2187 Primi
535 2121 679 2206 Religiosi
696 2122 850 2207 designati
868 2130 944 2190 snut
960 2139 1017 2207 per
1037 2121 1247 2200 Gersouitos,

283 2228 338 2313 qui
363 2228 394 2293 iu
418 2227 611 2313 profectione
635 2238 814 2296 castrorum
836 2228 1018 2313 pertubant
1041 2229 1194 2295 eortiuus
1221 2237 1250 2296 et

284 2342 401 2401 tentum
420 2333 631 2402 tobernoeutt'
652 2343 683 2401 et
705 2335 801 2402 υεια8
826 2343 856 2402 et
873 2353 1020 2422 quaeque
1037 2345 1122 2404 tactu
1141 2336 1249 2404 moiiia

283 2447 315 2506 et
339 2441 368 2507 in
394 2441 552 2508 erectione
576 2449 754 2509 castrorum
772 2442 819 2508 od
834 2442 1031 2509 occidentem
1051 2443 1248 2529 posttoder-

282 2546 443 2613 mouture
455 2546 786 2615 castrametabuntur
796 2548 818 2613 ⁴.
839 2547 1109 2616 Tuberuoeuium
1121 2557 1171 2616 est
1185 2550 1248 2616 uita

283 2652 353 2720 lesu
382 2653 498 2720 Christi
522 2661 554 2720 et
579 2671 704 2721 morum
721 2656 791 2722 eius
808 2656 1018 2736 conuersatio,
1038 2673 1247 2740 quemnemo

282 2759 376 2846 plene
401 2761 431 2826 in
457 2760 516 2828 hao
542 2762 605 2827 vita
629 2760 714 2829 valet
739 2761 891 2828 imitando
915 2769 1054 2848 portare,
1078 2779 1153 2830 cum
1182 2764 1248 2848 ipsa

355 2899 460 2955 ¹Rom.
482 2903 525 2970 id,
547 2903 573 2955 6.

354 2989 455 3046 'Libe
475 2993 501 3044 ΙΙ.
521 2991 616 3045 ilomii.
634 2994 659 3045 tn
678 2993 813 3059 evanget,
832 2993 922 3046 homil.
942 2993 985 3046 37.
1005 3008 1030 3046 n.
1051 2993 1078 3046 t.

354 3076 365 3108 ⁸
384 3081 461 3134 Num.
482 3079 506 3146 i,
525 3080 569 3134 nt.
588 3095 663 3149 seqq.
681 3085 706 3134 et
725 3082 749 3147 3,
770 3082 814 3135 23.

354 3165 365 3198 ⁴
384 3169 470 3236 Aliqui
489 3169 595 3222 codices
613 3171 656 3222 hic
675 3169 790 3223 addunt:
810 3169 1022 3224 Tabernacuium
1050 3172 1120 3224 euim
1139 3173 1166 3224 in
1187 3185 1249 3238 pro·

283 3257 392 3310 tectione
412 3273 460 3326 per
488 3265 577 3326 partes
601 3258 716 3312 divisum
745 3259 900 3327 portabatur
927 3275 941 3312 a
961 3260 1112 3326 assistent,
1130 3263 1194 3328 quia
1215 3269 1249 3314 to·

283 3353 339 3400 tum
358 3348 469 3400 simula
494 3349 565 3402 nudo
593 3350 691 3413 portari
719 3356 829 3420 poterat,
860 3349 944 3402 donec
968 3351 1087 3402 venirent
1105 3349 1141 3402 ud
1160 3351 1249 3404 iocum

283 3436 429 3500 erectionis,
450 3435 494 3488 ubi
513 3439 678 3504 requiescere
691 3436 832 3503 debebant,
852 3437 888 3491 ibt
900 3436 1060 3504 erigebatur,
1073 3446 1099 3491 et
1117 3439 1169 3505 ipsi
1180 3441 1249 3494 circa

283 3524 371 3589 ipsum
390 3539 440 3590 pro
460 3523 630 3592 dispositione
650 3527 753 3579 Domini
773 3524 1031 3580 castrametabantur.
