2776 4316
301 271 341 318 nu
364 270 407 316 vn
430 267 643 317 rnonussrnus.
668 267 840 316 nnoonssus
864 268 905 314 vr.
1020 251 1086 316 277

121 375 266 462 cipaliter
289 375 345 442 fiat
368 384 400 442 et
422 375 601 442 seeundum
625 374 739 441 Deum.
764 373 854 440 Siout
885 373 969 440 enim
1001 373 1088 440 Deus

121 483 280 550 mnndum
305 482 473 567 gubernat,
497 489 533 547 ut
556 497 614 548 neo
638 480 711 566 plus
735 498 792 547 neo
821 479 927 546 minus
958 479 1088 564 diiigen-

121 589 183 655 tiao
206 589 235 655 ei
259 587 421 668 adhibeat,
444 605 541 672 quarn
566 587 686 653 iustum
711 591 769 665 ost,
793 602 920 652 omnem
954 584 1085 671 diligen-

119 695 197 761 tiam
222 711 326 774 suam,
349 702 386 760 ut
409 694 453 760 ita
477 695 657 780 loquamur,
680 693 765 760 oiroa
789 693 936 759 caelestia
969 692 1089 778 impen-

120 801 220 881 dens3
244 801 288 867 ita
311 807 342 867 et
357 800 464 879 horno,
481 799 531 866 oui
550 799 653 865 minor
670 797 812 866 mundus
829 798 989 884 regendus
1004 815 1087 866 eom·

119 908 239 974 missus
263 914 321 987 ast,
344 907 405 974 hoo
428 914 477 973 est
500 923 618 992 eorpus
642 905 822 992 proprium,
854 905 899 972 sie
931 905 1026 973 debet
1057 905 1087 973 ei

118 1014 291 1100 providero
315 1012 502 1099 prudenter,
526 1019 562 1079 ut
579 1030 636 1080 neo
652 1013 693 1079 de
708 1012 889 1079 necessaria
906 1012 1087 1098 provisione

117 1119 242 1205 aliquid
266 1120 294 1187 ei
319 1119 400 1187 desit
424 1137 483 1204 pro
507 1136 608 1205 posse,
633 1135 691 1186 neo
714 1118 836 1205 aliquid
858 1118 1014 1205 superflui
1032 1119 1086 1185 im·

118 1227 291 1314 pendatur,
315 1235 435 1294 utnon
460 1225 586 1293 deiioiat
609 1233 682 1292 ante
718 1235 845 1311 ternpus
875 1244 916 1293 er
953 1228 1088 1311 penuria

117 1335 170 1400 voi
195 1333 315 1412 labore,
338 1351 395 1400 neo
424 1333 566 1400 iasoiriat
595 1351 637 1400 ex
672 1332 868 1400 abundantia
902 1339 934 1400 et
967 1333 1087 1418 quieto.

118 1441 201 1507 Tota
225 1447 331 1506 autern
357 1439 488 1507 intentio
511 1439 606 1506 debet
629 1457 699 1508 esse
723 1441 807 1506 oiroa
822 1439 979 1525 optimum
996 1457 1087 1506 oocu-

118 1554 205 1632 pata,
229 1548 313 1614 circa
336 1547 512 1633 proiectum
537 1547 662 1613 animae
684 1546 713 1612 in
732 1545 786 1613 Dei
804 1545 914 1612 notitia
929 1553 961 1612 et
976 1562 1086 1612 amore

119 1662 152 1720 et
178 1653 209 1719 in
236 1653 296 1733 his,
312 1664 394 1739 quae
410 1654 448 1720 ad
469 1654 553 1720 huno
570 1653 746 1739 proiectum
765 1659 953 1738 promovent
968 1660 999 1719 et
1014 1669 1086 1719 eon·

118 1761 257 1840 ducunt,
280 1761 355 1845 quia
378 1761 484 1826 anima
509 1778 569 1826 uon
595 1768 725 1844 propter
748 1778 865 1845 eorpus
889 1765 996 1826 creata
1027 1765 1085 1840 est,

120 1868 179 1935 sed
204 1885 322 1952 eorpus
346 1875 476 1953 propter
499 1868 650 1947 animam,
674 1874 710 1933 nt
734 1867 779 1934 iiii
796 1867 915 1934 serviat
930 1875 961 1934 et
976 1884 1091 1953 ooope-

119 1981 214 2041 retur
238 1973 279 2039 ad
303 1973 479 2059 profectum
505 1975 693 2059 praefatum.
717 1973 825 2040 Anima
851 1991 928 2040 vero
955 1982 1087 2060 propter

118 2081 225 2147 Deum
250 2086 356 2146 ereata
379 2087 438 2158 est,
462 2087 498 2145 ut
520 2080 547 2146 ei
566 2079 729 2145 inhaereat
753 2086 784 2146 et
800 2079 995 2149 inhaerendo
1018 2098 1088 2147 sua·

118 2187 218 2252 vitate
243 2185 344 2270 ipsius
378 2185 504 2251 iuratur
537 2193 567 2251 et
602 2184 739 2251 fruendo
771 2184 863 2251 beata
897 2184 947 2252 sit.
983 2185 1088 2252 Solius

118 2291 207 2359 enim
232 2289 288 2357 Dei
313 2298 361 2356 est
384 2308 452 2356 earn
479 2289 646 2356 destruere
670 2297 702 2355 et
728 2289 884 2369 oooidere,
915 2290 1009 2358 ouius
1039 2297 1089 2357 est

119 2415 234 2466 creare
258 2406 290 2464 et
308 2396 486 2476 vivificare3
503 2397 574 2464 ideo
590 2397 648 2464 nisi
667 2397 736 2463 eius
754 2396 843 2464 iussu
861 2397 909 2464 vel
927 2398 1087 2483 permissu

120 2503 201 2571 nihii
227 2504 300 2571 lieet
323 2503 415 2570 nobis
438 2504 605 2570 destruere
621 2521 745 2582 eornm,
763 2521 845 2589 quae
865 2503 933 2588 ipse
948 2503 1031 2570 iecit.
1048 2504 1091 2569 lr-

120 2610 295 2678 rationales
319 2617 484 2677 creaturas
506 2609 661 2694 permittit
684 2627 742 2676 nos
765 2608 921 2689 occidere,
945 2609 1000 2676 sed
1025 2627 1088 2676 nou

121 2717 402 2795 irrationabiliter3
427 2716 598 2783 rationales
622 2734 699 2783 vero
722 2715 887 2802 prohibuit
918 2715 1029 2795 occidi,
1058 2715 1088 2783 id

123 2833 174 2892 est
198 2824 355 2903 homines,
379 2823 439 2890 nisi
464 2823 640 2891 seeundum
666 2824 752 2908 leges
768 2823 809 2889 ait
826 2823 894 2907 ipso
910 2822 1091 2908 promulga-

121 2942 181 2998 tas.
203 2931 291 2998 Unde
315 2930 447 3009 iudices,
463 2929 640 2996 seeundum
658 2930 744 3015 teges
760 2929 886 2996 divinas
903 2928 1089 3010 iudicantes,

122 3055 184 3102 non
210 3054 279 3114 sua,
303 3035 357 3102 sed
384 3035 439 3102 Dei
463 3035 652 3103 auctoritate
680 3036 900 3103 malefactores
931 3035 1091 3115 occidunt,

121 3144 198 3231 quia
223 3144 290 3228 ipse
314 3144 515 3229 praecepit¹:
540 3145 594 3230 qui
625 3145 683 3211 hoo
720 3144 769 3211 vel
801 3145 862 3210 hoo
893 3142 1003 3209 iecerit
1034 3142 1089 3208 tali

122 3269 226 3337 poena
250 3253 414 3336 puniatur.
438 3251 526 3318 Siout
548 3260 656 3318 auteur
681 3270 743 3318 non
762 3251 833 3318 ticet
850 3251 1000 3337 cuiquam
1017 3250 1091 3317 alto

121 3376 196 3424 rurn
221 3359 385 3438 oooidere;
409 3357 452 3425 ita
476 3377 533 3426 neo
558 3359 777 3444 semetipsum,
801 3376 875 3426 curn
901 3374 994 3424 nemo
1018 3357 1092 3424 aito·

120 3483 195 3533 rum
220 3465 294 3550 pius
318 3473 465 3533 teneatur
482 3465 614 3552 diligere
631 3484 727 3553 quaro
745 3484 779 3534 se
796 3466 912 3553 ipsum.
928 3466 967 3533 Se
984 3466 1091 3552 ipsum

193 3583 203 3616 ²
223 3587 276 3642 Cir.
295 3589 380 3644 Lavit.
399 3590 441 3656 20,
461 3591 487 3642 2.
506 3596 532 3642 et
549 3589 613 3642 alias
633 3591 742 3655 passini.
