2742 4320
648 229 736 280 utnon
760 231 899 280 TERTIUS.

625 408 809 476 cremnon
833 407 918 476 LXX.

295 588 415 656 Utrum
430 587 475 656 sit
491 586 611 655 metius
625 587 774 675 coeptos,
795 587 981 656 aurarius
999 585 1260 656 doctiori-stium

692 713 851 782 recepere.

380 876 408 939 l.
432 873 463 940 si
487 890 565 941 vero
588 873 750 942 desiderat
780 873 898 960 aliquis
920 872 1067 959 expediri
1087 873 1108 952 ¹,
1141 880 1258 942 utrum

288 981 329 1048 sit
352 979 468 1048 melius
491 980 630 1067 saepius,
653 997 693 1047 an
718 982 824 1048 rarius
847 980 991 1066 corporis
1014 978 1132 1049 Christi
1157 980 1260 1050 susci-

287 1106 364 1176 pere
388 1088 628 1158 Sacramentum
641 1112 651 1168 ;
675 1088 803 1156 videtur
827 1087 917 1168 milui,
940 1088 1027 1175 quod
1059 1106 1121 1155 non
1153 1089 1259 1175 possit

287 1214 385 1284 super
420 1197 480 1263 lnoc
514 1195 664 1264 omnibus
699 1195 769 1265 dari
802 1195 915 1281 regula
946 1194 1125 1263 uniformis.
1157 1197 1257 1264 Varia

287 1308 363 1371 sunt
386 1301 552 1369 hominum
577 1301 702 1380 merita,
719 1300 847 1368 diversa
862 1317 997 1387 operum
1022 1299 1130 1368 studia
1145 1309 1177 1368 et
1192 1300 1257 1368 dil-

285 1408 420 1477 ferentia
442 1406 601 1496 desideria
624 1414 656 1474 et
679 1405 873 1494 multiplices
896 1407 997 1474 sancti
1021 1405 1158 1492 Spiritus
1180 1423 1258 1493 ope·

285 1516 426 1583 rationes
450 1515 481 1580 in
507 1513 641 1600 singulis
664 1521 696 1581 et
719 1513 838 1581 diversi
863 1519 967 1582 status
989 1511 1083 1580 etiam
1110 1512 1141 1580 in
1170 1512 1256 1580 Reli-

285 1622 388 1710 gione.
414 1621 449 1688 Et
472 1621 554 1701 ideo,
570 1621 654 1689 siout
677 1621 708 1688 in
732 1620 972 1708 aegrotantibus
988 1639 1051 1714 non
1068 1639 1133 1690 una
1147 1629 1255 1708 potest

285 1728 388 1795 torma
404 1727 527 1795 servari
553 1727 584 1794 in
601 1726 715 1794 dandis
732 1727 899 1796 medicinis
922 1727 1066 1813 corporis
1088 1727 1156 1796 sive
1179 1745 1252 1814 pro

284 1844 356 1923 pter
379 1835 581 1904 diversitates
604 1834 863 1920 complexionum
888 1843 944 1902 aut
968 1835 1086 1903 virium
1109 1842 1166 1902 aut
1190 1833 1249 1902 loci

284 1950 341 2009 ant
363 1941 518 2028 temporis
540 1949 596 2008 aut
620 1941 743 2009 diaetae
766 1948 823 2008 aut
852 1941 990 2009 aliarum
1023 1941 1251 2010 consideratio-

283 2067 373 2130 num,
397 2067 456 2136 pro
479 2049 598 2135 quibus
621 2056 677 2117 aut
701 2049 807 2116 rarius
830 2055 888 2116 aut
903 2047 1031 2136 saepius
1054 2054 1111 2115 aut
1134 2048 1166 2114 in
1181 2065 1249 2115 ma-

284 2156 343 2224 iori
384 2157 434 2224 rel
466 2156 580 2224 minori
613 2156 789 2243 quantitate
820 2155 915 2224 etiam
947 2155 1061 2224 eadem
1092 2154 1249 2224 medicina

284 2265 398 2344 dotur3
421 2264 465 2331 ita
488 2271 520 2332 et
543 2263 583 2331 de
601 2264 758 2332 medicina
774 2262 944 2349 spirituali,
960 2281 1044 2350 quae
1066 2270 1115 2330 est
1130 2279 1249 2350 corpus
1336 2271 1337 2278 ’

283 2372 411 2452 Christi,
435 2371 687 2459 intelligendum.
712 2370 927 2438 llundialibus
942 2369 1027 2438 enim
1044 2369 1131 2438 curis
1153 2386 1247 2438 occu·

282 2479 347 2565 poti
372 2478 480 2547 rarius
503 2484 637 2563 possunt
659 2493 695 2544 ee
717 2476 757 2544 ad
783 2476 864 2544 illud
901 2475 1119 2563 recipiendum
1152 2491 1248 2562 expe

283 2585 364 2667 dire,
388 2603 486 2672 quam
510 2583 564 2672 qui
581 2591 705 2652 tantum
730 2581 952 2671 spiritualibus
968 2583 1084 2651 studiis
1107 2589 1183 2650 sunt
1198 2583 1246 2650 iu·

282 2693 371 2772 tenti,
394 2701 427 2761 et
449 2691 502 2758 alii
527 2690 639 2776 magis,
662 2690 715 2784 alli
741 2688 847 2758 rninus
871 2695 946 2758 sunt
969 2689 1192 2778 circumspecti
1215 2689 1245 2756 in

282 2799 428 2868 custodia
453 2798 534 2866 vitae
558 2815 635 2866 suae
659 2806 691 2866 et
715 2815 840 2866 morum
865 2805 898 2865 et
927 2797 1138 2866 conscientiae
1169 2813 1246 2866 suae

282 2906 432 2994 puritate.
456 2905 514 2974 dlii
544 2906 640 2973 ellam
673 2904 848 2972 ardentiori
879 2904 1041 2972 desiderio
1073 2904 1246 2972 trahuntur
1330 2983 1331 2986 Ἴ

282 3013 322 3081 ad
347 3013 434 3082 illios
457 3011 608 3080 salutaris
631 3011 692 3080 cibi
717 3010 974 3099 perceptionem
996 3009 1050 3078 alii
1075 3027 1152 3078 vero
1167 3027 1245 3098 quo

281 3121 454 3190 dammodo
476 3126 651 3201 terrentur,
675 3136 749 3187 cum
784 3117 903 3186 debent
925 3117 1089 3198 accedere,
1119 3124 1151 3185 et
1185 3114 1244 3184 nisi

282 3227 472 3297 conscientia
496 3232 636 3312 urgeret,
660 3225 711 3294 rel
746 3224 944 3294 consuetudo
968 3223 1137 3312 Religionis
1169 3223 1245 3292 iudi·

282 3344 377 3416 ceret‚
402 3336 452 3404 vel
475 3335 572 3402 timor
595 3334 725 3403 maioris
747 3353 767 3401 a
790 3333 855 3402 lleo
878 3333 1087 3419 elongationis
1107 3329 1244 3416 impelle·

353 3477 514 3534 ¹Edltlones
533 3479 623 3545 legunt
650 3477 778 3548 ecpeurt
800 3475 936 3548 Erpedire
963 3478 1006 3532 lile
1033 3477 1162 3546 algoldum
1188 3489 1241 3530 rem

281 3565 424 3623 obscurem
443 3569 650 3636 lmpllcitamque
668 3568 793 3622 evolvere
812 3572 837 3620 et
855 3567 995 3634 expllcore.
