2776 4316
325 239 392 305 att
682 257 771 304 urnun
795 256 933 332 rnurrus.

323 371 427 449 potest
450 381 484 430 se
509 371 597 430 tanto
620 362 754 430 liberius
788 363 827 429 ad
864 362 1019 429 interiora
1049 363 1276 430 transferrent

323 471 454 548 tuenda,
478 477 597 556 qrranto
620 469 662 536 ab
676 469 892 537 exterioribus
917 470 1019 554 inagis
1043 479 1090 538 est
1105 470 1277 556 expeditus.

323 577 399 644 Nam
424 577 478 662 qui
504 577 725 662 superioribus
751 576 818 643 vult
850 576 1016 670 intendere
1047 577 1140 644 debet
1175 578 1216 642 alt
1242 577 1277 642 in·

322 683 495 750 lenioribus
521 684 600 750 liner
616 701 696 750 esse.
714 683 796 759 tris,
812 683 838 750 si
856 683 953 749 habet
968 702 1089 768 pennas
1105 684 1219 769 ligatas
1235 683 1279 750 vel

322 788 456 855 iniectas
478 799 535 856 aut
552 791 722 875 praecisas,
747 807 808 855 non
834 797 937 875 potest
961 808 995 856 se
1020 791 1052 856 in
1069 791 1133 856 alta
1149 789 1280 856 rolando

322 896 502 963 sublevare.
528 896 559 962 lu
586 897 807 979 spiritualibus
832 897 886 962 illa
910 904 986 963 sunt
1010 898 1190 982 superiora,
1205 913 1279 984 quae

321 1003 483 1082 interiora,
498 989 613 1090 'quoad
636 1004 852 1089 experientias
875 1003 1069 1089 spirituales.

382 1195 543 1267 Processus
567 1194 728 1286 septimus,
752 1194 865 1286 quiin
888 1195 1050 1286 sapientia
1073 1195 1227 1268 auant

668 1393 852 1460 Cnrrruuuu
877 1394 933 1460 lll.

406 1553 558 1640 Quinque
581 1561 660 1619 sunt
683 1553 868 1632 mediant
891 1553 1057 1621 memoria
1082 1554 1206 1644 iupiter

584 1660 679 1726 eirca
704 1661 809 1726 Deum
834 1669 1025 1747 occupetur.

381 1873 386 1880 ·
413 1857 441 1921 l.
467 1855 525 1921 Εῑ1
551 1856 626 1941 quia
650 1856 689 1923 de
714 1855 886 1924 voluntatis
911 1856 1057 1943 proiectu
1080 1857 1202 1944 supra*
1225 1865 1279 1924 tra·

321 1970 440 2029 etaturn
466 1970 524 2043 est,
555 1954 638 2049 quae
669 1963 812 2030 consistit
843 1963 1046 2030 inordinata
1081 1963 1277 2052 dispositione

320 2069 504 2148 affectuum,
528 2069 559 2135 in
583 2088 647 2155 qua
670 2069 846 2136 attenditur
869 2070 1000 2137 activae
1017 2070 1101 2138 vitae
1126 2069 1278 2156 perfectio,

320 2185 552 2261 consequenter
575 2185 606 2243 et
630 2177 671 2242 ad
695 2175 968 2262 contemplativae
991 2177 1074 2244 vitae
1107 2179 1276 2264 prolectant

319 2285 578 2369 appropinquare
590 2283 852 2354 considerationis
870 2284 1016 2370 passibus
1033 2284 1230 2362 studeamus,
1244 2299 1278 2348 eo

320 2392 404 2475 quud
432 2390 610 2456 volentibus
636 2389 665 2456 in
689 2391 804 2474 spiritu
823 2390 977 2477 prolicere
995 2390 1090 2456 etiarn
1108 2391 1193 2458 istud
1221 2405 1275 2456 non

320 2496 434 2564 inutile
471 2496 652 2563 videatur⁸.
678 2497 803 2563 [lictum
838 2505 886 2564 est
920 2497 1004 2563 eninr
1038 2497 1175 2581 supra⁴,
1198 2493 1275 2582 quod

320 2604 474 2690 perfectio
498 2603 673 2688 spiritualis
697 2603 779 2670 vitae
796 2603 948 2670 intritus
964 2602 1186 2689 principaliter
1211 2619 1276 2670 con·

320 2718 398 2778 stet:
426 2713 456 2776 in
481 2710 627 2777 rationis
651 2710 907 2788 illuminatione,
932 2711 964 2777 in
988 2710 1174 2778 uoluntatis
1189 2707 1275 2778 recti-
1359 2717 1360 2780 ἒ

320 2817 435 2884 tudine
450 2826 482 2884 et
498 2818 528 2884 in
542 2818 723 2884 maneriae
740 2817 814 2905 lupi
828 2817 923 2884 circa
938 2818 1043 2884 Deum
1059 2817 1274 2905 occupatione·
1359 2849 1360 2886 2

391 2957 401 2989 ¹
421 2960 467 3012 Ed.
487 2961 497 3011 t
522 2961 662 3026 praemittit
682 2959 763 3015 Nunc
781 2959 812 3014 de
830 2959 941 3028 septimo
959 2958 1051 3030 produ
1076 2959 1132 3015 stuc
1156 2957 1272 3030 proiectu

320 3045 465 3116 ltelipiouis
483 3050 522 3102 est
540 3046 646 3116 aliquid
663 3047 814 3102 dicendum.

391 3133 484 3200 ’Cup
506 3137 547 3190 te.
568 3137 612 3188 te.

391 3222 402 3254 ⁸
423 3225 479 3278 Vut.
499 3232 525 3277 et
542 3225 586 3278 ed.
606 3226 630 3278 l.
659 3227 701 3278 liic
728 3225 843 3279 addunt:
864 3228 890 3279 lu
915 3228 1144 3292 contemplationis
1163 3227 1272 3294 proiectu

318 3316 422 3380 primus
440 3319 523 3367 status
541 3316 610 3368 vitae
630 3316 775 3380 religiosae,
794 3317 891 3368 seilicet
905 3330 1046 3382 processus
1058 3319 1201 3382 sapientiae
1218 3327 1275 3368 rou·

317 3405 392 3470 sistit,
411 3402 512 3456 hebens
530 3404 715 3470 intelligentiae
733 3405 822 3458 lumen
841 3411 867 3457 ot
890 3407 1028 3459 suavitatis
1057 3408 1175 3460 internae
1202 3415 1272 3470 sepo·

317 3505 389 3556 reon
409 3491 479 3544 unde
499 3493 635 3558 sapientia,
654 3492 680 3546 ld
700 3498 739 3546 est
756 3493 850 3559 sapida
870 3495 989 3547 selentia.

388 3576 401 3609 ⁴
420 3579 484 3646 Cap.
505 3582 530 3634 2.
