2808 4318
281 237 344 302 170
634 255 723 304 nmen
746 255 884 306 nunnius.

279 360 402 449 linquet
426 371 455 430 te
478 380 536 449 per
559 363 813 449 propitiationem
838 381 940 430 suam.
966 361 1039 431 Non
1063 362 1152 429 enim
1182 381 1243 428 nos
1340 363 1347 372 '

278 469 436 556 etepirnns
460 489 547 551 enm,
570 471 629 538 sed
651 469 838 558 ipse-nepe
859 472 941 538 nos¹
966 479 998 538 et
1010 470 1111 556 prior
1127 468 1243 536 ditexit

278 596 350 655 nos,
374 585 406 645 et
428 596 491 644 nou
515 578 633 646 deserit
656 596 690 645 se
714 596 775 644 nou
800 579 994 654 deserentes,
1010 578 1065 665 qni
1081 578 1180 644 etiem
1196 577 1242 644 di·

278 681 358 751 lexit
380 701 438 750 nos
469 683 611 752 nondum
647 684 831 764 existentes,
856 685 904 752 vel
936 685 1031 752 etiam
1057 684 1242 752 resistentes

278 792 306 857 ei
332 808 389 877 per
424 798 600 877 peceatum.
635 792 721 859 Unde
756 791 870 859 dilexit
904 809 962 859 nos
992 799 1024 858 et
1052 792 1150 877 elegit
1172 809 1242 870 nos,

279 914 340 963 non
365 904 495 983 propter
518 916 586 978 nos,
610 899 665 965 sed
690 906 821 985 propter
844 916 878 966 se
895 898 1001 984 ipsum
1025 915 1069 965 ex
1092 898 1162 965 sole
1186 897 1242 964 bo-

277 1003 375 1071 nitate
398 1021 467 1085 sua,
490 1015 620 1092 propter
645 1007 726 1073 hanc
749 1005 845 1074 etiam
870 1006 1010 1074 servabit
1034 1023 1102 1073 nos.

369 1113 399 1178 5.
423 1111 591 1179 Humilint
615 1113 710 1179 etiam
735 1113 910 1180 nos‘Dens
941 1131 999 1199 per
1027 1112 1240 1179 tentationum

279 1217 511 1299 tribulationes
536 1228 571 1285 ut
594 1237 814 1306 agnoscemus,
838 1219 918 1306 quid
940 1236 1054 1287 sumus
1077 1237 1121 1286 ex
1139 1218 1242 1298 nobis,

277 1342 317 1393 ne
341 1324 535 1393 extollamur
557 1342 599 1393 ex
616 1343 664 1404 eo,
679 1326 764 1411 quod
789 1343 808 1392 a
832 1325 896 1393 Deo
918 1327 1101 1413 accepimus
1127 1325 1179 1394 vel
1195 1344 1245 1394 ee

277 1432 398 1518 cepisse
421 1441 590 1517 putemns3
615 1432 893 1500 Ecclesiasticus':
911 1433 952 1499 ln
976 1433 1051 1519 ipne
1072 1432 1243 1519 molatur

277 1546 456 1625 arpentum
479 1547 510 1605 et
531 1558 659 1606 eornm
684 1539 720 1606 in
744 1539 890 1620 camino,
914 1537 1061 1606 domines
1085 1558 1165 1606 uero
1193 1559 1244 1606 re·

278 1645 441 1732 ceptidites
464 1645 500 1712 in
535 1645 668 1712 camino
702 1643 957 1714 humiliationis.
982 1645 1147 1732 Quidquid
1172 1663 1243 1714 seo-

278 1753 344 1820 riee
367 1753 418 1821 vel
441 1752 587 1820 falsitatis
610 1753 695 1820 intus
728 1753 828 1833 latuit,
853 1752 934 1839 ignis
965 1752 1149 1820 tentationis
1173 1771 1244 1836 pro

278 1860 333 1927 dit.
358 1860 403 1927 De
426 1858 503 1944 ipsis
526 1860 622 1926 etiem
639 1860 729 1927 bonis
745 1859 965 1940 humiliamur,
983 1859 1138 1939 ridentes,
1154 1858 1243 1946 qnod

277 1973 387 2032 nostre
409 1984 472 2033 nou
504 1973 590 2044 sont,
613 1966 668 2034 sed
693 1966 760 2046 Dei,
783 1966 850 2052 qui,
873 1966 1002 2053 quando
1024 1972 1056 2034 et
1078 1974 1240 2052 quantum

278 2071 390 2151 voluit,
421 2070 508 2138 dedit
540 2071 631 2138 nobis
649 2067 704 2139 'ex
735 2071 837 2158 gretia
860 2089 929 2151 sne,
952 2089 1013 2138 non
1045 2089 1089 2138 ex
1116 2071 1242 2139 meritis

277 2178 404 2244 nostris.
430 2179 459 2244 Si
484 2177 656 2246 consolatio
679 2177 856 2264 spiritualis
878 2177 999 2245 homini
1023 2195 1086 2245 non
1110 2176 1241 2245 suntra-

278 2285 410 2351 heretnr
445 2284 627 2371 aliqnando,
663 2285 757 2351 nimis
791 2283 1001 2352 extolleretur
1036 2291 1067 2351 et
1102 2285 1241 2369 gretiam

277 2391 426 2476 perderet
448 2399 481 2458 et
503 2391 631 2477 periret.
655 2390 861 2458 Subtrahitur
885 2408 961 2477 ergo
984 2391 1024 2471 ei,
1041 2407 1081 2458 no
1097 2391 1242 2468 amittam
1287 2391 1291 2398 '

276 2498 391 2585 perdit,
412 2491 455 2566 ¹ne
478 2497 602 2585 perdet,
625 2499 707 2567 sieut
730 2505 820 2584 pater
843 2497 979 2584 parvulo
1001 2497 1068 2566 lilio
1088 2511 1241 2564 nummos

276 2614 379 2691 negot,
403 2623 442 2673 ne
466 2604 598 2673 deludat
620 2613 652 2673 et
675 2604 798 2690 perdat,
821 2604 922 2673 donec
946 2603 1092 2690 profitiat
1114 2603 1148 2672 in
1164 2621 1241 2691 prn-

276 2712 383 2780 dentia
395 2720 426 2780 et
441 2712 520 2780 sciet
531 2712 664 2799 provide
680 2729 881 2779 conservare.
894 2711 1041 2780 Vidimus
1053 2710 1239 2798 aliqnando,

275 2837 393 2906 pueros
416 2820 570 2906 gratiosos
593 2819 689 2888 nimis
723 2819 850 2887 sibimet
873 2819 947 2888 inde
970 2819 1097 2906 plaeere
1121 2825 1154 2886 et
1176 2817 1241 2904 glo

275 2926 357 2994 riam
382 2926 554 2994 numanam
579 2943 745 3011 quaerere,
768 2935 800 2994 et
822 2926 951 2994 tandem
974 2932 1177 2994 evanuerunt
1208 2930 1242 2992 et

275 3050 383 3100 coram
408 3032 472 3100 Deo
491 3040 524 3102 et
539 3032 723 3100 hominibus
739 3031 921 3113 viluerunt3
942 3031 1152 3102 Proverbie³z
1170 3031 1239 3116 Qni

275 3139 412 3208 delicate
434 3140 543 3208 nutrit
564 3159 699 3207 servum
723 3158 824 3207 sunm
855 3139 899 3208 od
927 3139 1150 3208 ammonete
1171 3158 1239 3208 sno

271 3255 388 3332 posteo
418 3245 514 3314 itlnm
544 3245 661 3314 sentiet
692 3253 929 3314 contumacem.
954 3245 1114 3334 Benignns
1138 3246 1233 3328 Deus,

347 3405 355 3442 ¹
377 3407 444 3462 loen.
466 3407 508 3476 ld,
531 3409 578 3475 te;
596 3409 716 3477 seqnitur
735 3408 751 3461 l.
769 3408 840 3462 loen.
860 3407 884 3474 t,
905 3407 947 3460 to.

346 3494 440 3563 teap.
460 3497 486 3563 2,
505 3497 531 3551 5.

347 3581 439 3652 'Cep
459 3587 503 3654 29,
524 3587 567 3640 nt.
586 3592 612 3640 et
630 3588 655 3653 8,
673 3586 717 3639 31.
