2742 4320
287 265 328 313 DE
350 265 394 313 vlt
416 265 628 314 rnocdsstotts
654 265 826 316 PROCESSUS
852 267 901 314 vll.
1009 249 1073 318 325

97 378 190 438 runt
212 391 247 438 sc
269 389 372 459 super
395 392 456 440 me.
480 374 605 458 Quanta
629 373 670 442 sit
693 373 736 440 ibi
761 374 886 442 aululae
910 374 1074 442 tribulatio

99 485 138 546 et
160 496 301 559 moeror,
325 479 500 561 illuderit,
524 481 578 566 qui
604 488 735 568 propter
765 481 824 549 boc
859 481 900 572 ab
924 479 1074 550 instantia

101 583 308 669 supplicandi
332 603 395 651 non
419 585 553 653 desistit.
568 585 635 652 Non
652 585 736 652 enim
755 593 924 672 propterea
944 604 963 653 a
979 603 1073 674 prece

101 691 298 759 cessandum
322 699 381 772 est,
404 692 495 778 quasi
522 692 607 759 Deus
630 709 692 758 nou
716 699 867 778 acceptet,
891 692 946 760 sed
971 711 1009 760 eo
1029 694 1074 760 in-

101 798 242 864 stantius
264 798 423 865 orandum
458 805 515 879 est,
550 798 625 884 quia
660 798 746 866 Deus
780 814 838 884 per
874 800 934 866 boc
957 800 1073 886 probat

102 903 228 970 orantis
249 904 458 971 constantiam
483 912 515 973 et
539 912 655 992 purgat
672 904 830 972 humiliati
847 907 1070 975 conscientiam

102 1016 137 1078 et
160 1019 346 1079 remunerat
367 1010 474 1079 afflicti
498 1011 694 1098 patientiam.
718 1013 901 1082 bernardus
918 1015 946 1081 ¹:
976 1041 992 1074 c
1008 1015 1073 1084 Ob-

103 1118 339 1186 secratiouibus
355 1119 573 1187 insistendum
591 1129 650 1198 est,
666 1121 722 1188 sed
738 1121 771 1187 iu
788 1122 873 1188 omni
892 1122 1071 1190 bumilitate

102 1231 136 1291 et
159 1224 321 1309 patientia,
344 1225 420 1310 quia
443 1243 506 1291 nou
531 1225 674 1292 referunt
696 1224 850 1314 (ructum
875 1227 933 1294 uisi
956 1227 992 1294 r'n
1011 1246 1072 1314 pu·

103 1329 254 1397 tientio².
279 1332 374 1416 Quasi
399 1330 483 1398 euim
508 1330 632 1399 caelum
658 1332 797 1418 desuper
814 1335 909 1401 sentit
924 1351 1071 1414 aeneum,

102 1436 184 1502 dum
207 1435 330 1503 nullam
354 1436 531 1504 devotionis
554 1436 643 1504 velut
667 1437 750 1504 roris
773 1437 919 1506 caelestis
951 1439 1070 1505 stillam

102 1541 264 1627 pulsando
287 1543 318 1608 in
342 1543 489 1632 oratioue
509 1542 654 1630 percipit,
682 1552 714 1610 et
739 1551 858 1612 terram
881 1544 988 1612 cordis
1020 1545 1070 1612 sui

101 1648 253 1730 ferream,
277 1649 354 1716 dum
379 1649 469 1716 nullo
493 1650 691 1735 psalmorum
717 1650 767 1717 vel
791 1651 972 1718 orationum
1002 1651 1071 1719 irri-

103 1773 170 1842 guo
192 1756 232 1822 ad
258 1756 397 1824 [ructum
422 1757 676 1843 compunctionis
699 1757 872 1837 emollitur,
896 1758 952 1826 sed
971 1757 1069 1825 veluti

101 1862 220 1929 mulier
243 1859 430 1931 Cbauanaea
453 1881 603 1931 aversum
628 1883 647 1930 a
671 1881 704 1932 se
730 1865 853 1940 Domini
880 1865 1004 1932 vultum
1021 1882 1068 1932 ae·

102 1970 247 2049 stimans,
271 1978 399 2054 peccata
423 1987 482 2038 sua
506 1971 596 2058 quasi
621 1971 708 2038 canis
740 1971 975 2039 immunditiam
1008 1972 1068 2040 sibi

101 2076 294 2162 exprobrari
320 2084 476 2164 reputat»
504 2085 537 2146 et
561 2096 641 2164 pane
668 2078 808 2146 liliorum
834 2096 868 2147 se
891 2078 1068 2147 arbitratur

101 2181 276 2267 indiguam.
301 2184 360 2250 Sed
387 2195 492 2251 tamen
528 2184 706 2271 prudenter
741 2184 974 2252 advertendum
1010 2193 1088 2267 est,

101 2289 188 2374 quod
213 2289 273 2356 ista
293 2287 430 2377 'pavidae
455 2291 569 2358 mentis
592 2291 785 2377 imaginatio,
808 2310 871 2377 qua
896 2291 1015 2358 durum
1037 2299 1068 2359 et

101 2403 267 2464 austerum
292 2397 352 2464 sibi
377 2398 526 2484 proponit
542 2397 656 2478 Deum,
671 2398 725 2484 qui
752 2399 836 2467 mitis
856 2410 887 2467 et
911 2400 1068 2485 benignus

101 2511 150 2570 est
172 2511 205 2570 et
228 2504 257 2569 iu
284 2503 416 2571 ueritate
446 2505 518 2590 pius
542 2511 573 2572 et
606 2505 796 2584 misericors,
820 2515 876 2573 aut
898 2513 947 2573 est
978 2506 1068 2574 dece-

103 2618 176 2694 ptae
200 2611 315 2678 mentis
339 2610 469 2697 propria
492 2611 648 2691 confictio,
672 2630 736 2699 qua
759 2612 876 2680 iormat
907 2612 966 2680 sibi
999 2610 1067 2679 ido·

101 2715 168 2784 lum
194 2734 253 2803 pro
275 2734 324 2797 eo,
340 2718 424 2802 quod
443 2736 504 2786 uon
522 2724 571 2785 est
586 2721 664 2804 ipse,
691 2725 748 2784 aut
771 2726 819 2786 est
853 2718 1068 2804 dispensativa

101 2822 270 2908 permissio
294 2822 332 2888 ad
358 2824 545 2891 terrendum
570 2824 620 2891 uel
644 2824 880 2892 humiliandum
917 2831 948 2892 et
971 2824 1067 2892 corri-

101 2929 241 3014 pendum
268 2930 317 2996 vel
342 2931 545 3015 purgandum
570 2931 725 3011 animum,
761 2949 825 3018 quo
860 2930 1065 3017 postmodum

102 3035 234 3102 suavius
257 3037 360 3120 sapiat
382 3036 409 3103 ei
436 3037 571 3122 benigna
596 3037 649 3105 liei
688 3039 853 3123 respectio,
877 3037 960 3105 sicut
995 3045 1066 3123 post

102 3151 267 3227 expertam
291 3144 538 3211 amaritudinem
563 3145 806 3213 desiderabilior
830 3145 864 3212 bt
887 3145 1034 3212 dulcedo.

190 3249 220 3312 i
246 3246 431 3333 Aliquando,
456 3250 546 3335 quasi
570 3249 641 3316 aliis
665 3258 840 3337 occupatus
868 3249 989 3318 orantis
1020 3247 1066 3315 ai-

102 3351 195 3420 lectui
220 3353 306 3421 lleus
330 3355 469 3436 videtur,
490 3357 544 3442 qui
562 3356 669 3424 rideat
684 3366 827 3425 orantem
845 3367 877 3424 et
895 3353 1066 3442 tranquille

171 3492 179 3526 ¹
201 3493 241 3546 bd
261 3493 363 3549 Fratres
382 3495 416 3549 de
434 3497 519 3550 Monte
538 3497 593 3564 Dei,
615 3496 661 3550 lib.
680 3498 699 3550 l.
718 3511 741 3551 c.
762 3497 804 3550 tl.
825 3512 851 3551 n.
871 3496 914 3550 45.

171 3580 183 3612 ²
200 3583 263 3637 Luc.
283 3585 308 3652 8,
329 3586 376 3653 lll;
395 3585 429 3639 de
448 3584 603 3640 Cbananaen
622 3585 668 3640 cir.
689 3587 775 3642 llattb.
797 3588 838 3655 tt,
858 3588 902 3640 ild.
921 3586 965 3640 27.
