2738 4316
269 233 311 299 lt
628 248 716 294 nrum
741 247 865 294 ruruus

267 355 401 424 officinis
424 363 455 422 et
479 354 618 421 maxime
643 355 674 420 in
699 353 760 420 illis
783 352 955 439 obsequiis,
977 373 1060 440 quae
1091 355 1144 420 alii
1171 374 1238 440 pro

268 481 325 531 sua
350 463 470 530 vilitate
492 462 677 540 abhorrent,
701 467 738 526 ut
761 459 845 545 ligna
861 469 999 547 portare,
1016 462 1148 528 domum
1166 479 1239 529 sco

268 586 355 656 pare,
379 569 458 636 ollas
483 568 640 635 mundare
668 567 794 652 aliaque
825 565 973 634 utensilia
1006 585 1156 653 purgare,
1181 585 1239 654 pe

267 676 324 744 des
348 676 455 743 lavare
478 684 511 743 et
533 675 679 742 Fratrum
704 673 827 742 tunicas
850 680 1013 741 excutere.

630 905 813 972 anrnxuu
837 903 872 970 X.

382 1101 427 1166 lle
450 1100 631 1187 decipitne
654 1100 749 1168 circu
773 1101 914 1168 Missum
935 1099 1116 1168 servando.

361 1316 388 1380 l.
414 1313 457 1380 ud
482 1314 591 1381 llissas
616 1313 751 1381 libenter
787 1314 943 1393 ministra,
977 1312 1054 1398 quia
1088 1312 1150 1380 hoo
1185 1321 1238 1380 est

267 1417 407 1486 officium
431 1419 627 1505 angelicum
653 1421 712 1505 ipsi
737 1420 821 1486 enim
846 1419 953 1504 iugali
978 1419 1042 1486 lieo
1065 1437 1124 1485 suo
1161 1418 1238 1486 ubi-

267 1545 330 1614 que
353 1527 535 1594 minislrant
558 1527 771 1594 devotissime.
804 1527 836 1592 ln
861 1526 922 1593 noc
945 1527 1029 1592 enim
1054 1525 1238 1592 ministerio

268 1633 437 1720 multiplex
463 1635 586 1701 tructus
609 1641 673 1701 est:
692 1633 805 1719 primo,
828 1633 900 1699 boni
917 1634 1023 1718 operis
1039 1632 1236 1699 exercitium

267 1748 331 1818 est;
357 1740 508 1819 secundo,
531 1758 613 1825 opus
637 1740 777 1807 caritatis
800 1746 848 1807 est
871 1748 903 1806 et
934 1757 1125 1825 promovens
1160 1757 1238 1824 pro

267 1848 393 1914 ximum
418 1847 448 1912 in
473 1847 573 1926 bono;
598 1847 700 1926 lertio,
717 1865 797 1930 opus
813 1847 1001 1926 devotionis,
1017 1863 1081 1931 qiua
1097 1845 1163 1913 Deo
1178 1863 1238 1932 ap

148 1993 152 2002 ·
267 1954 464 2039 propinquas
487 1951 518 2018 in
542 1955 702 2030 oratione;
726 1961 851 2038 qiuarlo,
867 1970 949 2038 opus
972 1953 1150 2037 angelicum
1172 1960 1237 2032 cst,

267 2075 341 2126 cum
365 2059 483 2145 quibos
507 2059 572 2126 Deo
596 2059 638 2125 int
664 2059 822 2145 praesenti
848 2059 1010 2126 ministras
1026 2059 1108 2126 sieut
1123 2067 1155 2125 et
1174 2057 1235 2124 illi.

268 2164 304 2231 lu
326 2183 366 2232 ex
393 2167 452 2233 hoc
476 2183 536 2230 non
554 2164 658 2231 solum
676 2165 835 2244 sacerdos,
852 2165 903 2232 cui
923 2164 1093 2243 ministras,
1110 2163 1237 2249 specia-

268 2271 340 2339 liter
365 2281 491 2339 tenetur
514 2289 607 2339 orare
632 2290 690 2357 pro
707 2280 747 2351 te,
771 2272 825 2339 sed
851 2280 883 2338 et
898 2289 1009 2340 omnes
1026 2271 1237 2340 circumstan-

268 2386 326 2458 tes,
349 2397 487 2464 quorum
513 2378 613 2446 ricem
639 2379 733 2463 geris,
756 2379 855 2444 immo
875 2386 940 2444 tola
959 2379 1095 2446 Ecclesia
1110 2378 1238 2463 ubique

267 2493 439 2564 terrarum,
463 2485 538 2572 quia
563 2494 597 2552 tu
621 2485 706 2570 geris
722 2486 823 2552 vicem
840 2486 985 2552 omnium
1002 2485 1157 2565 fidelium,
1172 2487 1233 2572 qui

267 2592 332 2658 Deo
355 2610 414 2657 suo
438 2592 477 2659 de
501 2592 589 2660 caelo
612 2592 748 2658 venienti
774 2609 847 2659 cum
882 2593 1087 2659 devotissima
1118 2593 1238 2678 gratia·

268 2716 340 2764 rum
365 2697 487 2766 actione
512 2698 665 2766 deberent
690 2699 882 2780 ministrare,
906 2700 931 2766 si
956 2707 1085 2786 possent
1107 2699 1235 2770 adesse

356 2808 386 2872 ἢ.
413 2805 448 2872 Et
473 2805 526 2871 rix
552 2813 653 2891 potest
677 2822 757 2884 esse,
781 2805 858 2891 quin
883 2805 1037 2872 Dominus
1068 2806 1139 2872 illos
1163 2825 1243 2892 spe,

266 2911 336 2978 ciali
362 2913 464 2997 gratia
488 2920 671 2980 remuneret
694 2913 788 2979 etiam
815 2911 845 2976 in
872 2913 1112 2998 praesentium
1135 2911 1237 2978 liben-

269 3026 315 3085 ter
338 3027 370 3086 et
393 3019 506 3086 devote
530 3019 711 3086 ministrant
734 3019 774 3086 ad
798 3018 879 3086 illud
897 3019 1149 3097 Sacramentum,
1166 3037 1236 3105 quo

266 3126 345 3192 uiutl
370 3125 511 3193 sanctius
533 3132 565 3192 et
586 3126 733 3192 devotius
756 3133 859 3211 potest
882 3142 952 3192 esse
977 3125 1008 3192 in
1033 3125 1120 3192 caelo
1143 3134 1175 3192 et
1200 3125 1236 3194 in

267 3240 363 3314 terra,
387 3243 419 3300 et
441 3233 527 3321 quod
551 3241 598 3300 est
629 3232 804 3299 admodum
839 3233 1047 3318 praecipuum
1078 3232 1235 3300 indicium

267 3339 394 3407 divinae
417 3339 608 3425 dignationis
631 3346 664 3405 et
686 3338 864 3406 dilectionis
887 3339 927 3406 ad
952 3339 1126 3406 hominem.
1147 3337 1237 3406 Nihil

266 3445 350 3512 enim
376 3445 505 3513 videtur
528 3447 634 3512 minus
658 3445 744 3513 Deus
767 3445 872 3513 lacere
908 3447 939 3512 in
964 3464 1012 3527 eo,
1040 3446 1126 3534 quod
1150 3464 1237 3532 quo-

267 3552 343 3620 tidie
378 3553 530 3638 dignatur
561 3552 755 3620 descendere
790 3553 831 3620 de
862 3553 951 3620 caelo
985 3572 1083 3640 super
1118 3552 1238 3635 altare,
