2742 4320
267 223 332 292 332
624 243 713 290 ernau
736 241 875 290 suerrus.

264 348 453 435 apparentia
475 356 508 416 et
523 349 651 416 nomine
668 347 830 434 religionis
847 354 971 416 tantum
995 347 1231 434 gloriabantur3

266 455 390 523 scribae
413 464 521 522 autem
545 455 578 521 in
611 454 719 522 verbis
749 455 934 540 scripturae
962 453 1181 548 sibilaudem
1203 459 1232 520 et

266 580 381 635 nomen
414 561 587 649 magisterii
619 561 838 648 acquirebant.
870 561 931 646 Qui
967 569 1074 629 autem
1101 569 1233 628 tuntum

265 667 368 736 verde
390 676 540 736 sectatur
563 665 650 736 nteit
672 665 848 746 dobedit¹;
863 673 896 734 et
917 666 974 753 qui
998 667 1117 734 omnio
1133 683 1235 752 opero

265 793 333 841 erto
353 771 451 861 fierit,
475 774 693 842 devidentur
716 781 749 842 et
772 774 923 842 laudetur
955 771 998 842 ab
1028 771 1234 850 dominibus,

265 881 447 948 mercedem
471 901 537 948 raon
569 879 698 948 daneon
722 881 816 968 opud
838 881 991 960 Patrem,
1014 880 1074 968 qui
1098 880 1138 946 t'tt
1162 895 1234 946 one·

266 986 387 1083 lieret.

356 1097 386 1162 5.
409 1095 470 1180 Qui
493 1095 645 1162 orationis
669 1094 776 1162 studio
790 1094 869 1162 uult
885 1094 1052 1162 intendere
1066 1097 1235 1161 assuescet

265 1201 370 1287 primo
392 1200 565 1286 aliquando
588 1200 724 1267 orationi
750 1217 873 1280 vacare,
897 1199 1014 1268 deinde
1037 1199 1172 1286 saepius
1193 1195 1234 1264 ad

264 1306 439 1374 orationem
465 1325 644 1387 recurrere,
668 1307 785 1374 deinde
808 1305 931 1374 diutius
948 1307 980 1374 iu
1002 1307 1150 1374 oratione
1166 1320 1234 1390 per·

264 1413 387 1493 sistere,
412 1414 540 1481 taudem
572 1413 768 1499 frequenter,
798 1421 954 1500 quantum
987 1412 1071 1493 lieet,
1095 1410 1232 1480 orationi

265 1519 451 1588 incumbere
485 1538 543 1588 nee
574 1539 633 1607 pro
667 1521 794 1588 fastidio
825 1520 875 1587 uel
913 1520 1042 1588 levitate
1064 1520 1231 1597 desistere,

264 1627 324 1695 nisi
348 1627 477 1712 quaudo
501 1627 551 1695 rei
577 1627 902 1712 eorporisdeniiitas,
919 1627 970 1695 rel
990 1644 1112 1713 urgens
1127 1641 1232 1694 neces

264 1734 350 1812 sitas,
376 1732 426 1800 uel
451 1733 647 1802 rationabilis
670 1735 790 1802 utilitas
814 1734 888 1801 inde
910 1742 1033 1814 avocat,
1056 1741 1089 1801 et
1113 1734 1229 1800 iterum

263 1847 445 1908 reuertatur
469 1839 500 1906 in
525 1841 557 1908 id
582 1841 698 1927 ipsum,
723 1859 762 1908 ue
786 1859 844 1927 por
867 1841 1025 1909 diutinam
1045 1839 1231 1908 abstractio

264 1963 336 2012 uem
363 1947 472 2014 redeat
496 1945 525 2013 in
551 1945 804 2014 dissuetudinem
830 1947 954 2028 orandi,
985 1929 1017 2016 et
1041 1946 1227 2033 refrigescat

264 2049 405 2118 affectus.
429 2051 599 2120 Pereurrat
622 2069 750 2137 quoque
773 2052 917 2138 singulos
933 2052 1046 2120 modos
1066 2049 1182 2119 orandi
1197 2054 1229 2116 et

264 2157 401 2226 diversis
425 2158 529 2225 modis
551 2159 719 2244 petitiones
743 2176 818 2228 suas
833 2159 949 2226 formet
969 2167 1001 2226 et
1016 2159 1164 2227 diversas
1178 2174 1228 2246 pe

264 2264 391 2331 titiones
415 2269 557 2344 attentet,
582 2272 617 2331 ut
640 2265 770 2333 taudem
794 2265 825 2332 in
850 2265 958 2352 aliqua
986 2265 1166 2333 devotionis
1187 2261 1228 2330 ai·

263 2368 382 2437 foetum
406 2370 571 2456 concipiat,
587 2380 619 2437 et
638 2369 695 2450 iiii,
710 2370 868 2456 quamdiu
883 2371 976 2458 sapit,
992 2370 1169 2438 inhaereat
1185 2401 1225 2420 -

263 2476 293 2541 Si
310 2485 418 2544 antem
434 2477 582 2544 debilitas
604 2477 718 2562 eapitis
743 2477 791 2544 vel
815 2476 959 2563 eorporis
983 2477 1129 2562 impedit,
1153 2485 1225 2545 tnnc

263 2581 406 2664 brevius
422 2584 478 2651 sed
499 2583 627 2668 saepius
649 2592 729 2651 oret.
753 2583 856 2651 Oreus
884 2583 1088 2670 evagationes
1113 2581 1225 2651 mentis

263 2689 410 2756 cohibeat
432 2697 464 2756 et
485 2706 599 2756 seusus
622 2691 801 2758 exteriores
824 2690 885 2758 sub
908 2690 1077 2776 disciplina
1093 2691 1225 2760 retineat

263 2802 294 2864 et
317 2795 372 2863 Dei
397 2796 556 2864 auxilium
580 2796 621 2863 ad
645 2797 771 2883 singula
794 2797 960 2866 humiliter
982 2797 1106 2866 invocet
1122 2807 1155 2864 et
1177 2813 1226 2884 pa·

266 2901 391 2980 tienter,
414 2903 440 2969 si
465 2920 524 2989 pro
547 2910 621 2970 voto
645 2923 706 2970 non
731 2905 884 2984 erteeedit,
907 2904 1036 2973 assidue
1060 2905 1224 2974 sustineat

264 3009 335 3094 Ipsa
357 3009 551 3095 quaudoque
575 3010 748 3078 retardatio
782 3009 970 3098 proficiendi
998 3018 1048 3080 est
1071 3012 1124 3080 via
1158 3029 1225 3098 pro

263 3113 375 3195 iectus,
399 3115 476 3182 dum
515 3116 724 3184 humiliamur
759 3125 790 3184 et
825 3135 882 3203 per
910 3117 971 3185 hoe
994 3117 1112 3186 metius
1134 3137 1155 3184 a
1177 3135 1225 3186 sn·

263 3221 376 3307 peritia
398 3221 613 3301 defendimur,
636 3223 712 3309 quia
736 3240 831 3310 saepe
855 3223 953 3290 nimia
977 3222 1165 3310 proficiendi
1181 3241 1224 3294 se

263 3327 383 3395 duritas
420 3336 556 3396 mentem
593 3328 777 3410 extollendo
800 3330 917 3412 deiieit,
941 3335 973 3398 et
999 3329 1107 3398 ferror
1130 3329 1226 3399 ronti·

335 3558 343 3593 ¹
363 3559 440 3612 Prov.
461 3559 503 3626 49,
522 3557 552 3626 7;
573 3560 692 3628 sequitur
712 3560 798 3614 uattn.
818 3561 861 3628 23,
882 3559 907 3614 5.
926 3567 952 3615 et
970 3561 996 3628 6,
1015 3561 1042 3614 t.
