2808 4318
285 231 349 297 lili
635 245 723 293 nisan
747 244 886 293 rnnrrus.

283 371 391 439 opera,
414 361 446 420 et
469 369 531 418 non
557 351 662 418 valent
677 351 717 419 arl
734 367 772 417 aa
795 349 1001 436 exsequenda
1017 366 1052 415 se
1069 349 1155 434 ipsos
1178 347 1250 414 vin-

285 477 367 540 cere,
400 453 491 526 iuxta
526 457 648 525 illud¹z
681 455 760 523 Valle
793 453 879 523 milti
907 455 1052 533 adiacet,
1087 451 1249 540 pmficcrc

286 574 398 633 autem
432 583 499 630 nou
533 564 674 631 invenio.
706 562 816 649 Aliqua
847 580 924 630 vero
955 567 1094 648 possent,
1123 560 1251 628 sedita

285 673 436 740 videntur
459 671 505 740 eis
528 669 619 738 arida
642 677 674 738 et
696 687 805 756 parra,
829 668 915 756 quod
940 665 1101 746 diffidunt,
1124 684 1162 734 ea
1180 665 1250 752 pla-

286 797 357 847 cere
382 778 446 846 Deo
470 777 520 845 vel
545 777 682 845 alicuius
713 774 818 844 meriti
841 775 928 854 lore3
952 775 1051 842 etsie
1075 771 1251 859 utrobique

218 929 221 948 .
285 885 417 972 neglecti
443 892 519 953 sunt
549 893 580 952 et
614 884 759 952 incidunt
782 885 813 951 in
846 882 1007 969 quandam
1032 881 1194 949 tristitiam
1217 889 1252 948 el

286 991 506 1072 diffidentiam,
518 990 600 1059 sicut
617 990 693 1058 dicit
705 990 745 1057 de
757 989 876 1056 talibus
893 987 1075 1056 Bernardus
1089 987 1118 1052 ²:
1140 1012 1156 1044 ι
1170 987 1254 1053 Sunt

286 1099 353 1185 qui,
369 1099 400 1165 in
422 1096 535 1166 studiis
559 1095 780 1183 spiritualibus
803 1094 921 1182 fatigati
946 1102 978 1162 et
1002 1094 1084 1162 versi
1101 1093 1134 1159 in
1158 1100 1251 1179 tepo-

286 1223 354 1273 rem
370 1205 536 1272 ambulant
551 1205 658 1272 tristes
671 1203 737 1271 vias
750 1203 885 1284 Domini,
898 1203 966 1271 dies
982 1203 1092 1288 longas
1112 1217 1251 1287 conque

286 1321 404 1380 ruutur
419 1320 451 1381 et
466 1321 584 1393 noctes,
604 1312 787 1398 frequenter
811 1318 1027 1392 murmurant,
1043 1309 1140 1378 corde
1155 1309 1251 1376 arido

286 1421 327 1488 ad
351 1420 511 1506 quaelibet
533 1420 675 1486 iniuncta
698 1419 886 1486 accedunt»
914 1426 973 1486 etc.
998 1418 1135 1502 Quidam
1163 1417 1253 1484 enim

287 1528 404 1594 horror
427 1534 526 1594 terret
548 1545 613 1606 eos,
636 1545 709 1594 oum
745 1527 884 1612 cogitant
917 1525 958 1593 de
989 1525 1135 1611 proiectu
1157 1525 1254 1611 spiri-

287 1634 375 1714 tuali,
399 1634 491 1721 quasi
514 1634 621 1701 dicant
644 1633 730 1720 apud
754 1651 805 1702 se:
830 1633 915 1700 Bona
931 1640 1014 1701 esset
1029 1632 1174 1712 victoria,
1194 1632 1255 1700 sed

289 1740 371 1807 dura
395 1747 443 1806 est
467 1757 591 1826 pugna3
608 1738 702 1807 dulce
718 1739 909 1825 praemium,
926 1738 981 1806 sed
998 1737 1089 1804 labor
1106 1737 1254 1805 merendi

288 1847 405 1932 gravis.
429 1846 478 1914 Sic
502 1845 722 1931 exploratores
745 1845 832 1914 missi
858 1845 889 1911 in
923 1853 1041 1912 terram
1066 1844 1255 1931 promissio-

287 1955 347 2034 nis,
371 1955 492 2022 rerersi
517 1953 783 2022 commendabant
806 1952 987 2020 ubertatem
1010 1959 1126 2033 terrae,
1150 1959 1256 2020 osten-

290 2060 333 2128 sis
356 2060 525 2141 iruotibus,
549 2059 605 2127 sed
638 2066 825 2128 terruerunt
856 2060 1011 2146 populum
1035 2077 1095 2144 pro
1118 2057 1257 2127 difficul-

289 2173 352 2233 tate
374 2165 619 2252 expugnationis
644 2165 784 2232 bostium
808 2173 838 2234 et
862 2165 1053 2252 proceritate
1075 2164 1256 2232 inhabitan-

289 2271 368 2338 tium
383 2271 404 2336 ³.
430 2271 474 2339 lta
498 2270 643 2357 Religiosi
667 2270 810 2357 quidam,
833 2271 1039 2357 explorantes
1055 2278 1175 2339 terram
1193 2288 1254 2357 per

290 2379 481 2464 Scripturas,
507 2395 620 2464 magna
644 2376 761 2464 gaudia
784 2377 862 2445 caeli
894 2378 1090 2464 praedicant,
1114 2377 1171 2445 seu
1196 2396 1255 2462 pu·

291 2503 369 2572 guas
392 2485 601 2553 tentationum
625 2491 658 2552 et
681 2484 807 2553 labores
837 2484 1052 2570 spiritualium
1085 2483 1256 2552 exercitio·

289 2611 363 2659 rum
388 2593 431 2659 ita
453 2593 640 2673 exhorrent,
663 2591 748 2678 quod
767 2592 873 2679 potius
889 2591 921 2658 in
945 2592 1072 2660 deserto
1097 2592 1178 2658 mori
1202 2609 1256 2658 vo

292 2698 372 2780 lunt,
395 2716 492 2785 qnam
525 2697 683 2765 introduci
719 2698 750 2764 in
786 2705 906 2766 terram
937 2697 1170 2784 promissionis,
1192 2698 1256 2766 boc

292 2813 349 2885 ost,
373 2806 473 2892 magis
497 2806 609 2872 volunt
632 2804 725 2871 sine*
751 2822 849 2890 opere
871 2805 904 2871 in
932 2803 1072 2890 quodam
1098 2803 1254 2872 mediocri

293 2919 377 2980 statu
400 2929 566 2980 remanere
591 2912 672 2979 inter
703 2911 899 2980 saecularem
924 2911 1023 2979 uitam
1045 2918 1079 2979 et
1101 2911 1257 2999 spiritua·

292 3018 366 3101 lem,
390 3019 480 3105 quasi
506 3019 589 3087 inter
622 3018 796 3104 Aegyptum
825 3025 856 3086 et
880 3026 1000 3086 terram
1032 3019 1257 3105 promissionis

294 3127 324 3194 in
349 3125 476 3194 deserto
498 3125 607 3193 aridae
632 3123 890 3204 conversationis,
916 3139 1013 3210 quam
1039 3139 1097 3210 per
1128 3121 1258 3190 labores

293 3240 325 3301 et
347 3232 568 3300 tribulationes
603 3230 771 3318 pervenire
801 3230 841 3298 ad
873 3228 1008 3316 gratiam
1040 3228 1257 3315 perfectionis.

363 3393 374 3424 ¹
394 3395 470 3448 llom.
489 3391 516 3460 ’1,
538 3393 581 3447 l8.
845 3387 856 3421 ¹
876 3391 969 3444 Sermo
986 3390 1030 3444 ³2.
1049 3391 1075 3442 in
1094 3386 1170 3443 Cant.
1184 3403 1211 3442 n.
1231 3387 1259 3443 l.

363 3480 374 3514 ⁸
393 3484 470 3537 Num.
491 3483 532 3548 ta,
551 3483 595 3536 26.
613 3495 688 3551 seqq.

363 3571 374 3608 ⁴
393 3572 511 3627 Verbum
529 3570 587 3628 siue
605 3571 773 3626 adiunximus
791 3582 853 3624 cum
872 3569 914 3623 ed.
936 3571 961 3622 t.
