2776 4316
270 252 334 318 edd
625 270 714 316 crena
738 269 880 316 renerus

271 374 415 452 mrutale,
439 373 524 460 quod
548 382 657 440 nostra
691 373 883 458 opinionon
914 373 983 439 vult
1018 390 1077 458 pro
1110 371 1239 438 mortali

270 481 398 548 habere.
423 482 486 547 Sua
510 481 686 547 aestimatio
702 488 751 547 est
767 481 878 564 regula
895 480 1033 546 iustitiae
1050 479 1241 559 infallibilis,

270 607 331 655 non
357 597 464 655 nostra
487 589 641 674 angulosa
664 589 780 673 opinio,
797 607 892 673 qnam
916 595 1056 654 nostram
1080 587 1244 654 conscien-

270 696 345 761 tiam
371 695 579 781 appellamus.
605 691 1008 780 Solis'radiusanunquem
1034 694 1109 760 lacit
1141 713 1243 779 angn

270 799 348 880 lum,
373 818 499 885 semper
524 801 644 867 directe
669 803 698 866 iu
724 801 868 887 opposita
892 800 950 866 sibi
968 799 1082 876 fertur,
1107 800 1175 865 sive
1200 801 1244 866 ita

269 893 360 974 nobis
385 907 541 987 videatur,
559 907 624 974 sire
641 908 732 974 aliter
749 908 965 974 aestimemus.
983 907 1014 973 ln
1037 907 1242 992 professione

269 1014 466 1080 obedientiae
491 1032 552 1080 non
588 1014 802 1100 exprimimus
826 1014 908 1104 banc
939 1015 1174 1098 exceptionem,
1204 1022 1244 1082 ut

269 1120 409 1188 nolimus
440 1122 481 1188 ad
511 1139 549 1187 ee
578 1121 689 1199 teneri,
713 1122 841 1206 quando
865 1139 926 1185 non
957 1121 1147 1205 adiungitur
1179 1121 1244 1188 boc

269 1228 404 1295 verbum
433 1227 620 1312 praecipio,
657 1226 706 1294 vel
740 1247 800 1312 per
831 1225 1050 1294 obedientiam
1084 1225 1144 1293 boc
1175 1227 1243 1294 tibi

269 1333 353 1398 dieo.
378 1333 466 1400 Unde
484 1334 585 1399 bonus
609 1333 760 1399 obediens
778 1339 840 1398 taur
859 1332 1001 1398 studiose
1018 1332 1115 1398 debet
1129 1332 1242 1398 lacere

268 1440 354 1525 quod
392 1439 521 1505 iubetur
557 1438 753 1522 simpliciter,
785 1455 871 1502 cnm»
891 1446 1023 1516 constat,
1055 1435 1245 1522 praelatum

268 1564 364 1613 suurn
385 1553 447 1612 tarn
466 1546 558 1630 piene
583 1545 612 1611 id
640 1544 730 1622 velle,
751 1545 890 1629 quamsi
911 1552 1086 1629 apponeret
1108 1542 1246 1628 praeci·

264 1653 338 1740 pio,
364 1654 412 1720 vel
433 1673 495 1738 per
519 1652 737 1718 obedientiam
762 1649 856 1716 iubeo
880 1649 940 1716 boc
963 1649 1013 1715 uel
1035 1649 1131 1715 illud.

361 1764 390 1826 ᾖ.
415 1760 580 1827 Secundus
615 1758 812 1825 obedientiae
848 1759 969 1842 gradus
1003 1765 1050 1823 est
1088 1774 1147 1842 pro
1176 1775 1242 1842 spe

263 1867 415 1953 proemii
439 1868 654 1952 potiusquam
674 1865 787 1931 timore
804 1863 949 1950 supplicii
967 1864 1007 1930 ad
1025 1864 1167 1930 iniuncta
1185 1882 1244 1930 vo

266 1973 407 2039 luntarie
432 1974 571 2039 obedire.
597 1973 656 2039 lste
681 1991 742 2037 non
768 1972 919 2056 disputat,
944 1971 974 2035 in
999 1989 1064 2055 qno
1089 1977 1242 2036 teneatur

272 2080 321 2145 vel
335 2099 396 2146 non
414 2088 559 2146 teneatur
576 2079 717 2158 obedire,
734 2079 818 2164 piria,
836 2078 902 2143 sive
920 2085 1067 2144 teneatur
1084 2076 1152 2142 sire
1165 2093 1232 2142 nnn

231 2206 235 2213 ·
267 2187 397 2254 conlidit
421 2187 479 2253 sibi
506 2205 574 2253 esse
600 2186 809 2264 meritorium,
826 2184 1001 2251 dummodo
1022 2184 1144 2250 malum
1170 2200 1239 2249 non

187 2347 189 2352 .
266 2295 306 2360 sit
341 2295 425 2379 orrod
453 2294 592 2372 iubetur,
616 2292 738 2360 etiarnsi
764 2292 847 2357 mala
873 2291 1044 2357 intentione
1069 2291 1239 2374 praelatus

266 2402 373 2487 aliqua
403 2401 536 2480 iuberet,
553 2418 635 2487 quae
653 2410 756 2468 tamen
783 2399 864 2464 mala
889 2408 1088 2476 necessum,
1113 2398 1238 2464 scilicet

269 2527 327 2595 pro
343 2508 416 2574 odio
431 2508 528 2587 illius
544 2509 593 2574 cni
621 2509 809 2592 iniungeret,
834 2515 868 2572 ut
891 2523 964 2572 eum
989 2505 1035 2573 sic
1051 2505 1237 2586 tribularet,

269 2616 318 2682 rel
346 2634 404 2700 pro
420 2602 590 2681 commodo
607 2614 737 2700 proprio
755 2613 855 2697 magis
871 2632 967 2698 oriam
985 2631 1044 2698 pro
1060 2611 1243 2679 obedientis

236 2807 243 2818 ,
269 2723 429 2809 proiectu;
443 2740 504 2786 non
518 2721 620 2788 solum
639 2740 701 2786 non
718 2731 807 2787 nocet
822 2719 986 2787 humiliter
998 2720 1169 2798 obedienti,
1182 2719 1242 2786 sed

274 2830 369 2895 etiam
388 2829 508 2914 duplex
534 2829 684 2895 meritum
710 2829 828 2895 exbor.
854 2828 963 2894 babet:
990 2827 1188 2894 obedientiae
1208 2835 1245 2894 et

271 2937 403 3020 insuper
421 2937 600 3020 patientiae.
618 2936 705 3003 Sient
722 2935 911 3001 inobedienti
932 2936 1032 3019 magis
1048 2943 1141 3001 nocet
1158 2935 1243 3000 bona

271 3044 403 3109 intentio
427 3044 650 3129 praecipientis
684 3023 825 3127 praelati
844 3050 875 3109 et
911 3041 1070 3128 praecepti
1107 3042 1242 3120 utilitas,

272 3169 314 3218 ex
338 3151 456 3236 quibus
480 3150 598 3216 duritia
627 3151 697 3216 eius
734 3150 952 3234 perpenditur,
977 3151 1020 3215 ita
1053 3149 1136 3214 bono
1167 3149 1244 3216 obe

272 3258 368 3324 dienti
396 3258 495 3341 magis
519 3256 558 3323 ad
585 3257 761 3343 proiectum
787 3256 934 3341 provenit
958 3255 1120 3322 indiscreti
1147 3273 1242 3340 prae·

271 3363 324 3430 lati
351 3382 503 3450 praeceps
521 3363 678 3448 praecepti
697 3362 887 3440 fulminatio,
904 3362 1079 3428 dummodo
1096 3379 1158 3426 non
1176 3361 1244 3428 lne-

271 3473 312 3537 rit
336 3479 445 3538 contra
470 3471 583 3550 Deum,
607 3478 653 3547 ut,
677 3470 702 3536 si
728 3470 800 3554 quis
825 3468 855 3534 in
881 3468 928 3533 ira
953 3469 1085 3554 pauperi
1115 3486 1174 3553 pro
1198 3467 1244 3534 la·

268 3578 342 3664 pide
366 3595 503 3644 massam
529 3575 650 3661 argenti
683 3577 714 3642 in
749 3576 908 3660 gremium
941 3575 1082 3654 iactaret,
1112 3591 1240 3660 pauper
