<?xml version="1.0" encoding="UTF-8"?>
<!DOCTYPE html PUBLIC "-//W3C//DTD XHTML 1.0 Transitional//EN"
    "http://www.w3.org/TR/xhtml1/DTD/xhtml1-transitional.dtd">
<html xmlns="http://www.w3.org/1999/xhtml" xml:lang="en" lang="en">
 <head>
  <title>
</title>
<meta http-equiv="Content-Type" content="text/html;charset=utf-8" />
  <meta name='ocr-system' content='tesseract 3.04.00' />
  <meta name='ocr-capabilities' content='ocr_page ocr_carea ocr_par ocr_line ocrx_word'/>
</head>
<body>
  <div class='ocr_page' id='page_1' title='image "./deexterioriseti00davigoog_0211.png"; bbox 0 0 2808 4318; ppageno 0'>
   <div class='ocr_carea' id='block_1_1' title="bbox 281 256 883 322">
    <p class='ocr_par' dir='ltr' id='par_1_1' title="bbox 281 256 883 322">
     <span class='ocr_line' id='line_1_1' title="bbox 281 256 883 322; baseline -0.003 0"><span class='ocrx_word' id='word_1_1' title='bbox 281 256 343 322; x_wconf 83' lang='grc'><strong>166</strong></span> <span class='ocrx_word' id='word_1_2' title='bbox 582 313 584 318; x_wconf 96' lang='grc'>.</span> <span class='ocrx_word' id='word_1_3' title='bbox 632 273 721 320; x_wconf 76' lang='lat' dir='ltr'><strong>braun</strong></span> <span class='ocrx_word' id='word_1_4' title='bbox 744 271 883 320; x_wconf 75' lang='lat' dir='ltr'><strong>rannus,</strong></span> 
     </span>
    </p>
   </div>
   <div class='ocr_carea' id='block_1_2' title="bbox 244 375 1245 3329">
    <p class='ocr_par' dir='ltr' id='par_1_2' title="bbox 277 375 1243 1408">
     <span class='ocr_line' id='line_1_2' title="bbox 277 375 1239 464; baseline -0.003 -18"><span class='ocrx_word' id='word_1_5' title='bbox 277 379 428 446; x_wconf 82' lang='lat' dir='ltr'><strong>volueres</strong></span> <span class='ocrx_word' id='word_1_6' title='bbox 451 386 483 445; x_wconf 90' lang='lat' dir='ltr'><strong>et</strong></span> <span class='ocrx_word' id='word_1_7' title='bbox 502 379 620 464; x_wconf 80' lang='lat' dir='ltr'><strong>places.</strong></span> <span class='ocrx_word' id='word_1_8' title='bbox 645 379 726 463; x_wconf 84' lang='lat' dir='ltr'><strong>Quia</strong></span> <span class='ocrx_word' id='word_1_9' title='bbox 748 395 825 444; x_wconf 90' lang='lat' dir='ltr'><strong>vero</strong></span> <span class='ocrx_word' id='word_1_10' title='bbox 849 395 967 463; x_wconf 91' lang='lat' dir='ltr'><strong>corpus</strong></span> <span class='ocrx_word' id='word_1_11' title='bbox 990 377 1102 444; x_wconf 87' lang='lat' dir='ltr'><strong>datum</strong></span> <span class='ocrx_word' id='word_1_12' title='bbox 1127 385 1175 443; x_wconf 89' lang='lat' dir='ltr'><strong>est</strong></span> <span class='ocrx_word' id='word_1_13' title='bbox 1199 375 1239 443; x_wconf 88' lang='lat' dir='ltr'><strong>ad</strong></span> 
     </span>
     <span class='ocr_line' id='line_1_3' title="bbox 277 482 1240 570; baseline -0.006 -16"><span class='ocrx_word' id='word_1_14' title='bbox 277 485 482 556; x_wconf 86' lang='lat' dir='ltr'><strong>serviendum</strong></span> <span class='ocrx_word' id='word_1_15' title='bbox 506 484 643 570; x_wconf 90' lang='lat' dir='ltr'><strong>spiritui,</strong></span> <span class='ocrx_word' id='word_1_16' title='bbox 667 484 762 552; x_wconf 88' lang='lat' dir='ltr'><strong>debet</strong></span> <span class='ocrx_word' id='word_1_17' title='bbox 785 484 812 551; x_wconf 93' lang='lat' dir='ltr'><strong>ei</strong></span> <span class='ocrx_word' id='word_1_18' title='bbox 849 483 980 552; x_wconf 86' lang='lat' dir='ltr'><strong>obedire</strong></span> <span class='ocrx_word' id='word_1_19' title='bbox 1004 483 1087 551; x_wconf 90' lang='lat' dir='ltr'><strong>sicut</strong></span> <span class='ocrx_word' id='word_1_20' title='bbox 1110 482 1240 551; x_wconf 87' lang='lat' dir='ltr'><strong>domino</strong></span> 
     </span>
     <span class='ocr_line' id='line_1_4' title="bbox 277 590 1241 660; baseline -0.003 -1"><span class='ocrx_word' id='word_1_21' title='bbox 277 592 309 659; x_wconf 94' lang='lat' dir='ltr'><strong>in</strong></span> <span class='ocrx_word' id='word_1_22' title='bbox 333 592 482 660; x_wconf 92' lang='lat' dir='ltr'><strong>omnibus</strong></span> <span class='ocrx_word' id='word_1_23' title='bbox 505 592 596 659; x_wconf 92' lang='lat' dir='ltr'><strong>bonis</strong></span> <span class='ocrx_word' id='word_1_24' title='bbox 619 599 650 658; x_wconf 90' lang='lat' dir='ltr'><strong>et</strong></span> <span class='ocrx_word' id='word_1_25' title='bbox 673 609 736 658; x_wconf 92' lang='lat' dir='ltr'><strong>non</strong></span> <span class='ocrx_word' id='word_1_26' title='bbox 760 590 963 658; x_wconf 82' lang='lat' dir='ltr'><strong>recalcitrare</strong></span> <span class='ocrx_word' id='word_1_27' title='bbox 987 592 1037 657; x_wconf 94' lang='lat' dir='ltr'><strong>vel</strong></span> <span class='ocrx_word' id='word_1_28' title='bbox 1060 607 1241 658; x_wconf 88' lang='lat' dir='ltr'><strong>remurmu-</strong></span> 
     </span>
     <span class='ocr_line' id='line_1_5' title="bbox 279 696 1240 784; baseline -0.002 -18"><span class='ocrx_word' id='word_1_29' title='bbox 279 716 362 779; x_wconf 86' lang='lat' dir='ltr'><strong>rarc‚</strong></span> <span class='ocrx_word' id='word_1_30' title='bbox 384 699 469 766; x_wconf 88' lang='lat' dir='ltr'><strong>sicut</strong></span> <span class='ocrx_word' id='word_1_31' title='bbox 491 706 665 766; x_wconf 83' lang='lat' dir='ltr'><strong>contumax</strong></span> <span class='ocrx_word' id='word_1_32' title='bbox 696 715 809 766; x_wconf 91' lang='lat' dir='ltr'><strong>servus</strong></span> <span class='ocrx_word' id='word_1_33' title='bbox 832 697 883 765; x_wconf 92' lang='lat' dir='ltr'><strong>vel</strong></span> <span class='ocrx_word' id='word_1_34' title='bbox 908 697 1016 784; x_wconf 85' lang='lat' dir='ltr'><strong>piger;</strong></span> <span class='ocrx_word' id='word_1_35' title='bbox 1040 705 1072 764; x_wconf 90' lang='lat' dir='ltr'><strong>et</strong></span> <span class='ocrx_word' id='word_1_36' title='bbox 1096 696 1240 782; x_wconf 75' lang='lat' dir='ltr'><strong>spiritns</strong></span> 
     </span>
     <span class='ocr_line' id='line_1_6' title="bbox 278 803 1242 891; baseline -0.004 -17"><span class='ocrx_word' id='word_1_37' title='bbox 278 807 360 874; x_wconf 89' lang='lat' dir='ltr'><strong>siout</strong></span> <span class='ocrx_word' id='word_1_38' title='bbox 371 806 514 891; x_wconf 87' lang='lat' dir='ltr'><strong>prudens</strong></span> <span class='ocrx_word' id='word_1_39' title='bbox 529 804 691 884; x_wconf 87' lang='lat' dir='ltr'><strong>dominns,</strong></span> <span class='ocrx_word' id='word_1_40' title='bbox 704 805 800 872; x_wconf 84' lang='lat' dir='ltr'><strong>debet</strong></span> <span class='ocrx_word' id='word_1_41' title='bbox 816 805 845 872; x_wconf 93' lang='lat' dir='ltr'><strong>ei</strong></span> <span class='ocrx_word' id='word_1_42' title='bbox 861 804 1030 890; x_wconf 87' lang='lat' dir='ltr'><strong>providere</strong></span> <span class='ocrx_word' id='word_1_43' title='bbox 1047 803 1131 871; x_wconf 90' lang='lat' dir='ltr'><strong>siout</strong></span> <span class='ocrx_word' id='word_1_44' title='bbox 1147 819 1242 870; x_wconf 92' lang='lat' dir='ltr'><strong>servo</strong></span> 
     </span>
     <span class='ocr_line' id='line_1_7' title="bbox 278 911 1243 998; baseline -0.002 -20"><span class='ocrx_word' id='word_1_45' title='bbox 278 912 310 979; x_wconf 91' lang='lat' dir='ltr'><strong>in</strong></span> <span class='ocrx_word' id='word_1_46' title='bbox 334 912 457 980; x_wconf 91' lang='lat' dir='ltr'><strong>tribus:</strong></span> <span class='ocrx_word' id='word_1_47' title='bbox 482 919 518 980; x_wconf 93' lang='lat' dir='ltr'><strong>ul</strong></span> <span class='ocrx_word' id='word_1_48' title='bbox 541 919 694 998; x_wconf 85' lang='lat' dir='ltr'><strong>operetur</strong></span> <span class='ocrx_word' id='word_1_49' title='bbox 710 911 847 990; x_wconf 80' lang='lat' dir='ltr'><strong>utiliter,</strong></span> <span class='ocrx_word' id='word_1_50' title='bbox 873 927 913 978; x_wconf 91' lang='lat' dir='ltr'><strong>ne</strong></span> <span class='ocrx_word' id='word_1_51' title='bbox 946 911 1010 976; x_wconf 92' lang='lat' dir='ltr'><strong>otio</strong></span> <span class='ocrx_word' id='word_1_52' title='bbox 1035 917 1181 996; x_wconf 88' lang='lat' dir='ltr'><strong>torpeat;</strong></span> <span class='ocrx_word' id='word_1_53' title='bbox 1206 918 1243 976; x_wconf 90' lang='lat' dir='ltr'><strong>ut</strong></span> 
     </span>
     <span class='ocr_line' id='line_1_8' title="bbox 279 1017 1241 1106; baseline -0.003 -21"><span class='ocrx_word' id='word_1_54' title='bbox 279 1017 461 1106; x_wconf 71' lang='lat' dir='ltr'><strong>noctipetae</strong></span> <span class='ocrx_word' id='word_1_55' title='bbox 477 1018 626 1098; x_wconf 59' lang='lat' dir='ltr'><strong>decreto,</strong></span> <span class='ocrx_word' id='word_1_56' title='bbox 644 1019 670 1084; x_wconf 91' lang='lat' dir='ltr'><strong>si</strong></span> <span class='ocrx_word' id='word_1_57' title='bbox 694 1019 725 1084; x_wconf 95' lang='lat' dir='ltr'><strong>in</strong></span> <span class='ocrx_word' id='word_1_58' title='bbox 742 1017 849 1104; x_wconf 88' lang='lat' dir='ltr'><strong>aliquo</strong></span> <span class='ocrx_word' id='word_1_59' title='bbox 865 1017 1047 1097; x_wconf 69' lang='lat' dir='ltr'><strong>offenderim</strong></span> <span class='ocrx_word' id='word_1_60' title='bbox 1071 1017 1203 1084; x_wconf 80' lang='lat' dir='ltr'><strong>Genesis</strong></span> <span class='ocrx_word' id='word_1_61' title='bbox 1217 1018 1241 1082; x_wconf 91' lang='lat'><strong>¹:</strong></span> 
     </span>
     <span class='ocr_line' id='line_1_9' title="bbox 279 1123 1243 1201; baseline -0.001 -10"><span class='ocrx_word' id='word_1_62' title='bbox 279 1125 384 1191; x_wconf 86' lang='lat' dir='ltr'><strong>Homo</strong></span> <span class='ocrx_word' id='word_1_63' title='bbox 407 1125 595 1192; x_wconf 75' lang='lat' dir='ltr'><strong>damnetur</strong></span> <span class='ocrx_word' id='word_1_64' title='bbox 618 1124 796 1191; x_wconf 83' lang='lat' dir='ltr'><strong>universae</strong></span> <span class='ocrx_word' id='word_1_65' title='bbox 820 1132 930 1191; x_wconf 82' lang='lat' dir='ltr'><strong>terroe</strong></span> <span class='ocrx_word' id='word_1_66' title='bbox 954 1123 1084 1201; x_wconf 73' lang='lat' dir='ltr'><strong>boatia&#39;s5</strong></span> <span class='ocrx_word' id='word_1_67' title='bbox 1115 1129 1152 1191; x_wconf 91' lang='lat' dir='ltr'><strong>nt</strong></span> <span class='ocrx_word' id='word_1_68' title='bbox 1183 1143 1243 1190; x_wconf 85' lang='lat' dir='ltr'><strong>su·</strong></span> 
     </span>
     <span class='ocr_line' id='line_1_10' title="bbox 279 1230 1243 1318; baseline -0.002 -18"><span class='ocrx_word' id='word_1_69' title='bbox 279 1240 436 1300; x_wconf 73' lang='lat' dir='ltr'><strong>eluctetur</strong></span> <span class='ocrx_word' id='word_1_70' title='bbox 466 1240 652 1318; x_wconf 75' lang='lat' dir='ltr'><strong>temporale,</strong></span> <span class='ocrx_word' id='word_1_71' title='bbox 692 1249 731 1298; x_wconf 88' lang='lat' dir='ltr'><strong>no</strong></span> <span class='ocrx_word' id='word_1_72' title='bbox 765 1231 917 1310; x_wconf 86' lang='lat' dir='ltr'><strong>lasciviat,</strong></span> <span class='ocrx_word' id='word_1_73' title='bbox 953 1231 1004 1298; x_wconf 89' lang='lat' dir='ltr'><strong>vel</strong></span> <span class='ocrx_word' id='word_1_74' title='bbox 1028 1230 1157 1299; x_wconf 80' lang='lat' dir='ltr'><strong>deliciet</strong></span> <span class='ocrx_word' id='word_1_75' title='bbox 1180 1231 1243 1298; x_wconf 90' lang='lat' dir='ltr'><strong>sub</strong></span> 
     </span>
     <span class='ocr_line' id='line_1_11' title="bbox 280 1334 386 1408; baseline 0 -2"><span class='ocrx_word' id='word_1_76' title='bbox 280 1334 386 1408; x_wconf 88' lang='lat' dir='ltr'><strong>onere.</strong></span> 
     </span>
    </p>

    <p class='ocr_par' dir='ltr' id='par_1_3' title="bbox 244 1445 1245 3329">
     <span class='ocr_line' id='line_1_12' title="bbox 369 1445 1243 1534; baseline 0 -20"><span class='ocrx_word' id='word_1_77' title='bbox 369 1449 397 1514; x_wconf 88' lang='lat'><strong>6.</strong></span> <span class='ocrx_word' id='word_1_78' title='bbox 423 1449 547 1533; x_wconf 82' lang='lat' dir='ltr'><strong>Quanto</strong></span> <span class='ocrx_word' id='word_1_79' title='bbox 571 1448 644 1533; x_wconf 91' lang='lat' dir='ltr'><strong>plus</strong></span> <span class='ocrx_word' id='word_1_80' title='bbox 667 1447 803 1534; x_wconf 85' lang='lat' dir='ltr'><strong>quisque</strong></span> <span class='ocrx_word' id='word_1_81' title='bbox 827 1445 1004 1514; x_wconf 86' lang='lat' dir='ltr'><strong>secundum</strong></span> <span class='ocrx_word' id='word_1_82' title='bbox 1029 1447 1089 1513; x_wconf 90' lang='lat' dir='ltr'><strong>bas</strong></span> <span class='ocrx_word' id='word_1_83' title='bbox 1112 1446 1243 1532; x_wconf 82' lang='lat' dir='ltr'><strong>regulas</strong></span> 
     </span>
     <span class='ocr_line' id='line_1_13' title="bbox 279 1554 1243 1642; baseline -0.001 -19"><span class='ocrx_word' id='word_1_84' title='bbox 279 1555 445 1623; x_wconf 85' lang='lat' dir='ltr'><strong>ordinatus</strong></span> <span class='ocrx_word' id='word_1_85' title='bbox 467 1563 525 1634; x_wconf 88' lang='lat' dir='ltr'><strong>est,</strong></span> <span class='ocrx_word' id='word_1_86' title='bbox 550 1563 636 1622; x_wconf 91' lang='lat' dir='ltr'><strong>tanto</strong></span> <span class='ocrx_word' id='word_1_87' title='bbox 659 1554 856 1642; x_wconf 81' lang='lat' dir='ltr'><strong>spiritualior</strong></span> <span class='ocrx_word' id='word_1_88' title='bbox 879 1563 937 1622; x_wconf 90' lang='lat' dir='ltr'><strong>est.</strong></span> <span class='ocrx_word' id='word_1_89' title='bbox 961 1555 1022 1622; x_wconf 85' lang='lat' dir='ltr'><strong>lsta</strong></span> <span class='ocrx_word' id='word_1_90' title='bbox 1047 1555 1168 1624; x_wconf 88' lang='lat' dir='ltr'><strong>babere</strong></span> <span class='ocrx_word' id='word_1_91' title='bbox 1194 1563 1243 1623; x_wconf 89' lang='lat' dir='ltr'><strong>est</strong></span> 
     </span>
     <span class='ocr_line' id='line_1_14' title="bbox 279 1660 1245 1747; baseline -0.001 -17"><span class='ocrx_word' id='word_1_92' title='bbox 279 1661 500 1747; x_wconf 85' lang='lat' dir='ltr'><strong>spiritualibus</strong></span> <span class='ocrx_word' id='word_1_93' title='bbox 524 1661 792 1730; x_wconf 86' lang='lat' dir='ltr'><strong>consolationibus</strong></span> <span class='ocrx_word' id='word_1_94' title='bbox 822 1661 931 1728; x_wconf 89' lang='lat' dir='ltr'><strong>loveri.</strong></span> <span class='ocrx_word' id='word_1_95' title='bbox 965 1660 1042 1728; x_wconf 91' lang='lat' dir='ltr'><strong>Nam</strong></span> <span class='ocrx_word' id='word_1_96' title='bbox 1066 1661 1149 1729; x_wconf 89' lang='lat' dir='ltr'><strong>aliae</strong></span> <span class='ocrx_word' id='word_1_97' title='bbox 1172 1680 1245 1730; x_wconf 91' lang='lat' dir='ltr'><strong>con·</strong></span> 
     </span>
     <span class='ocr_line' id='line_1_15' title="bbox 283 1766 1241 1847; baseline 0 -13"><span class='ocrx_word' id='word_1_98' title='bbox 283 1766 461 1847; x_wconf 79' lang='lat' dir='ltr'><strong>solutiones,</strong></span> <span class='ocrx_word' id='word_1_99' title='bbox 478 1767 559 1835; x_wconf 88' lang='lat' dir='ltr'><strong>sicut</strong></span> <span class='ocrx_word' id='word_1_100' title='bbox 575 1785 637 1833; x_wconf 94' lang='lat' dir='ltr'><strong>non</strong></span> <span class='ocrx_word' id='word_1_101' title='bbox 654 1775 729 1836; x_wconf 93' lang='lat' dir='ltr'><strong>sunt</strong></span> <span class='ocrx_word' id='word_1_102' title='bbox 744 1767 941 1835; x_wconf 89' lang='lat' dir='ltr'><strong>necessariae</strong></span> <span class='ocrx_word' id='word_1_103' title='bbox 958 1767 1063 1846; x_wconf 91' lang='lat' dir='ltr'><strong>saluti,</strong></span> <span class='ocrx_word' id='word_1_104' title='bbox 1080 1768 1126 1834; x_wconf 90' lang='lat' dir='ltr'><strong>sio</strong></span> <span class='ocrx_word' id='word_1_105' title='bbox 1144 1767 1241 1834; x_wconf 90' lang='lat' dir='ltr'><strong>etiarn</strong></span> 
     </span>
     <span class='ocr_line' id='line_1_16' title="bbox 280 1872 1244 1961; baseline -0.001 -20"><span class='ocrx_word' id='word_1_106' title='bbox 280 1881 445 1960; x_wconf 86' lang='lat' dir='ltr'><strong>suspectae</strong></span> <span class='ocrx_word' id='word_1_107' title='bbox 467 1880 543 1943; x_wconf 90' lang='lat' dir='ltr'><strong>sunt</strong></span> <span class='ocrx_word' id='word_1_108' title='bbox 566 1883 597 1941; x_wconf 90' lang='lat' dir='ltr'><strong>et</strong></span> <span class='ocrx_word' id='word_1_109' title='bbox 620 1891 714 1961; x_wconf 89' lang='lat' dir='ltr'><strong>saepe</strong></span> <span class='ocrx_word' id='word_1_110' title='bbox 745 1874 843 1942; x_wconf 85' lang='lat' dir='ltr'><strong>falsae</strong></span> <span class='ocrx_word' id='word_1_111' title='bbox 873 1881 905 1941; x_wconf 91' lang='lat' dir='ltr'><strong>et</strong></span> <span class='ocrx_word' id='word_1_112' title='bbox 930 1872 1019 1940; x_wconf 87' lang='lat' dir='ltr'><strong>lictae</strong></span> <span class='ocrx_word' id='word_1_113' title='bbox 1042 1881 1074 1941; x_wconf 90' lang='lat' dir='ltr'><strong>et</strong></span> <span class='ocrx_word' id='word_1_114' title='bbox 1097 1873 1244 1959; x_wconf 84' lang='lat' dir='ltr'><strong>decepto</strong></span> 
     </span>
     <span class='ocr_line' id='line_1_17' title="bbox 281 1979 1242 2067; baseline 0.002 -21"><span class='ocrx_word' id='word_1_115' title='bbox 281 1979 358 2061; x_wconf 88' lang='lat' dir='ltr'><strong>riae,</strong></span> <span class='ocrx_word' id='word_1_116' title='bbox 382 1987 418 2046; x_wconf 90' lang='lat' dir='ltr'><strong>nt</strong></span> <span class='ocrx_word' id='word_1_117' title='bbox 441 1980 587 2062; x_wconf 85' lang='lat' dir='ltr'><strong>visiones,</strong></span> <span class='ocrx_word' id='word_1_118' title='bbox 611 1981 830 2061; x_wconf 84' lang='lat' dir='ltr'><strong>revelationes,</strong></span> <span class='ocrx_word' id='word_1_119' title='bbox 853 1980 1050 2067; x_wconf 85' lang='lat' dir='ltr'><strong>prophetiae,</strong></span> <span class='ocrx_word' id='word_1_120' title='bbox 1074 1981 1242 2048; x_wconf 87' lang='lat' dir='ltr'><strong>sensuales</strong></span> 
     </span>
     <span class='ocr_line' id='line_1_18' title="bbox 280 2086 1244 2173; baseline 0 -19"><span class='ocrx_word' id='word_1_121' title='bbox 280 2086 515 2167; x_wconf 87' lang='lat' dir='ltr'><strong>oblectationes,</strong></span> <span class='ocrx_word' id='word_1_122' title='bbox 539 2087 769 2155; x_wconf 87' lang='lat' dir='ltr'><strong>miraculorum</strong></span> <span class='ocrx_word' id='word_1_123' title='bbox 794 2088 1003 2173; x_wconf 88' lang='lat' dir='ltr'><strong>operationes,</strong></span> <span class='ocrx_word' id='word_1_124' title='bbox 1021 2086 1163 2154; x_wconf 87' lang='lat' dir='ltr'><strong>maxime</strong></span> <span class='ocrx_word' id='word_1_125' title='bbox 1179 2105 1244 2154; x_wconf 83' lang='lat' dir='ltr'><strong>mo</strong></span> 
     </span>
     <span class='ocr_line' id='line_1_19' title="bbox 244 2192 1243 2281; baseline -0.002 -20"><span class='ocrx_word' id='word_1_126' title='bbox 244 2273 248 2281; x_wconf 22' lang='lat'><strong>¹</strong></span> <span class='ocrx_word' id='word_1_127' title='bbox 280 2192 388 2261; x_wconf 85' lang='lat' dir='ltr'><strong>dernis</strong></span> <span class='ocrx_word' id='word_1_128' title='bbox 401 2193 607 2279; x_wconf 85' lang='lat' dir='ltr'><strong>temporibus,</strong></span> <span class='ocrx_word' id='word_1_129' title='bbox 621 2193 693 2262; x_wconf 87' lang='lat' dir='ltr'><strong>licet</strong></span> <span class='ocrx_word' id='word_1_130' title='bbox 708 2193 899 2281; x_wconf 84' lang='lat' dir='ltr'><strong>quandoque</strong></span> <span class='ocrx_word' id='word_1_131' title='bbox 916 2210 1011 2260; x_wconf 87' lang='lat' dir='ltr'><strong>verae</strong></span> <span class='ocrx_word' id='word_1_132' title='bbox 1027 2193 1243 2279; x_wconf 88' lang='lat' dir='ltr'><strong>reperiantur,</strong></span> 
     </span>
     <span class='ocr_line' id='line_1_20' title="bbox 280 2299 1242 2387; baseline -0.002 -18"><span class='ocrx_word' id='word_1_133' title='bbox 280 2300 337 2369; x_wconf 85' lang='lat' dir='ltr'><strong>scd</strong></span> <span class='ocrx_word' id='word_1_134' title='bbox 359 2299 391 2367; x_wconf 90' lang='lat' dir='ltr'><strong>in</strong></span> <span class='ocrx_word' id='word_1_135' title='bbox 415 2300 535 2386; x_wconf 89' lang='lat' dir='ltr'><strong>paucis.</strong></span> <span class='ocrx_word' id='word_1_136' title='bbox 560 2337 602 2350; x_wconf 93' lang='lat'><em>-</em></span> <span class='ocrx_word' id='word_1_137' title='bbox 627 2300 727 2368; x_wconf 85' lang='lat' dir='ltr'><strong>Datnr</strong></span> <span class='ocrx_word' id='word_1_138' title='bbox 749 2308 856 2369; x_wconf 89' lang='lat' dir='ltr'><strong>antem</strong></span> <span class='ocrx_word' id='word_1_139' title='bbox 874 2299 1050 2387; x_wconf 89' lang='lat' dir='ltr'><strong>spiritualis</strong></span> <span class='ocrx_word' id='word_1_140' title='bbox 1066 2299 1242 2368; x_wconf 87' lang='lat' dir='ltr'><strong>consolatio</strong></span> 
     </span>
     <span class='ocr_line' id='line_1_21' title="bbox 281 2406 1244 2495; baseline 0.001 -21"><span class='ocrx_word' id='word_1_141' title='bbox 281 2407 372 2476; x_wconf 91' lang='lat' dir='ltr'><strong>novis</strong></span> <span class='ocrx_word' id='word_1_142' title='bbox 395 2407 559 2494; x_wconf 82' lang='lat' dir='ltr'><strong>Religiosis</strong></span> <span class='ocrx_word' id='word_1_143' title='bbox 582 2407 784 2495; x_wconf 87' lang='lat' dir='ltr'><strong>quandoque,</strong></span> <span class='ocrx_word' id='word_1_144' title='bbox 808 2415 843 2475; x_wconf 93' lang='lat' dir='ltr'><strong>ut</strong></span> <span class='ocrx_word' id='word_1_145' title='bbox 867 2406 1005 2485; x_wconf 89' lang='lat' dir='ltr'><strong>videant,</strong></span> <span class='ocrx_word' id='word_1_146' title='bbox 1030 2425 1128 2493; x_wconf 85' lang='lat' dir='ltr'><strong>quam</strong></span> <span class='ocrx_word' id='word_1_147' title='bbox 1154 2406 1244 2493; x_wconf 82' lang='lat' dir='ltr'><strong>large</strong></span> 
     </span>
     <span class='ocr_line' id='line_1_22' title="bbox 280 2513 1245 2600; baseline 0 -20"><span class='ocrx_word' id='word_1_148' title='bbox 280 2514 365 2582; x_wconf 85' lang='lat' dir='ltr'><strong>Deus</strong></span> <span class='ocrx_word' id='word_1_149' title='bbox 388 2520 573 2582; x_wconf 87' lang='lat' dir='ltr'><strong>remunerat</strong></span> <span class='ocrx_word' id='word_1_150' title='bbox 596 2514 656 2582; x_wconf 93' lang='lat' dir='ltr'><strong>sibi</strong></span> <span class='ocrx_word' id='word_1_151' title='bbox 680 2515 864 2595; x_wconf 82' lang='lat' dir='ltr'><strong>servientes,</strong></span> <span class='ocrx_word' id='word_1_152' title='bbox 887 2521 918 2582; x_wconf 91' lang='lat' dir='ltr'><strong>et</strong></span> <span class='ocrx_word' id='word_1_153' title='bbox 941 2531 1038 2600; x_wconf 87' lang='lat' dir='ltr'><strong>qnam</strong></span> <span class='ocrx_word' id='word_1_154' title='bbox 1056 2513 1177 2580; x_wconf 91' lang='lat' dir='ltr'><strong>bonum</strong></span> <span class='ocrx_word' id='word_1_155' title='bbox 1194 2521 1245 2581; x_wconf 88' lang='lat' dir='ltr'><strong>est</strong></span> 
     </span>
     <span class='ocr_line' id='line_1_23' title="bbox 281 2620 1243 2700; baseline -0.003 -11"><span class='ocrx_word' id='word_1_156' title='bbox 281 2620 402 2690; x_wconf 86' lang='lat' dir='ltr'><strong>servire</strong></span> <span class='ocrx_word' id='word_1_157' title='bbox 426 2627 490 2688; x_wconf 75' lang='lat' dir='ltr'><strong>mm</strong></span> <span class='ocrx_word' id='word_1_158' title='bbox 514 2621 599 2689; x_wconf 89' lang='lat' dir='ltr'><strong>dulci</strong></span> <span class='ocrx_word' id='word_1_159' title='bbox 631 2621 775 2688; x_wconf 86' lang='lat' dir='ltr'><strong>Domino.</strong></span> <span class='ocrx_word' id='word_1_160' title='bbox 799 2622 887 2700; x_wconf 92' lang='lat' dir='ltr'><strong>ltem,</strong></span> <span class='ocrx_word' id='word_1_161' title='bbox 913 2620 956 2688; x_wconf 89' lang='lat' dir='ltr'><strong>ad</strong></span> <span class='ocrx_word' id='word_1_162' title='bbox 979 2620 1243 2689; x_wconf 81' lang='lat' dir='ltr'><strong>confortationem</strong></span> 
     </span>
     <span class='ocr_line' id='line_1_24' title="bbox 280 2725 1243 2814; baseline -0.001 -18"><span class='ocrx_word' id='word_1_163' title='bbox 280 2725 430 2809; x_wconf 74' lang='lat' dir='ltr'><strong>litiniaci</strong></span> <span class='ocrx_word' id='word_1_164' title='bbox 454 2727 556 2795; x_wconf 92' lang='lat' dir='ltr'><strong>robur</strong></span> <span class='ocrx_word' id='word_1_165' title='bbox 590 2727 669 2814; x_wconf 91' lang='lat' dir='ltr'><strong>spei,</strong></span> <span class='ocrx_word' id='word_1_166' title='bbox 692 2727 733 2795; x_wconf 86' lang='lat' dir='ltr'><strong>ad</strong></span> <span class='ocrx_word' id='word_1_167' title='bbox 768 2726 909 2796; x_wconf 88' lang='lat' dir='ltr'><strong>caritatis</strong></span> <span class='ocrx_word' id='word_1_168' title='bbox 940 2726 1170 2808; x_wconf 84' lang='lat' dir='ltr'><strong>accensionem,</strong></span> <span class='ocrx_word' id='word_1_169' title='bbox 1199 2726 1243 2795; x_wconf 86' lang='lat' dir='ltr'><strong>ad</strong></span> 
     </span>
     <span class='ocr_line' id='line_1_25' title="bbox 282 2832 1245 2916; baseline 0 -14"><span class='ocrx_word' id='word_1_170' title='bbox 282 2833 432 2903; x_wconf 86' lang='lat' dir='ltr'><strong>desiderii</strong></span> <span class='ocrx_word' id='word_1_171' title='bbox 445 2832 736 2916; x_wconf 87' lang='lat' dir='ltr'><strong>inflammationem,</strong></span> <span class='ocrx_word' id='word_1_172' title='bbox 752 2834 793 2902; x_wconf 87' lang='lat' dir='ltr'><strong>ad</strong></span> <span class='ocrx_word' id='word_1_173' title='bbox 809 2833 1034 2916; x_wconf 88' lang='lat' dir='ltr'><strong>eruditionem,</strong></span> <span class='ocrx_word' id='word_1_174' title='bbox 1050 2840 1086 2901; x_wconf 90' lang='lat' dir='ltr'><strong>nl</strong></span> <span class='ocrx_word' id='word_1_175' title='bbox 1103 2832 1245 2916; x_wconf 87' lang='lat' dir='ltr'><strong>videant,</strong></span> 
     </span>
     <span class='ocr_line' id='line_1_26' title="bbox 282 2939 1243 3028; baseline -0.001 -19"><span class='ocrx_word' id='word_1_176' title='bbox 282 2959 345 3028; x_wconf 84' lang='lat' dir='ltr'><strong>quo</strong></span> <span class='ocrx_word' id='word_1_177' title='bbox 369 2942 567 3028; x_wconf 80' lang='lat' dir='ltr'><strong>pergendum</strong></span> <span class='ocrx_word' id='word_1_178' title='bbox 592 2941 642 3022; x_wconf 90' lang='lat' dir='ltr'><strong>sit,</strong></span> <span class='ocrx_word' id='word_1_179' title='bbox 666 2941 749 3010; x_wconf 90' lang='lat' dir='ltr'><strong>siout</strong></span> <span class='ocrx_word' id='word_1_180' title='bbox 779 2941 811 3009; x_wconf 93' lang='lat' dir='ltr'><strong>in</strong></span> <span class='ocrx_word' id='word_1_181' title='bbox 840 2939 980 3010; x_wconf 85' lang='lat' dir='ltr'><strong>tenebris</strong></span> <span class='ocrx_word' id='word_1_182' title='bbox 1004 2940 1113 3008; x_wconf 91' lang='lat' dir='ltr'><strong>lumen</strong></span> <span class='ocrx_word' id='word_1_183' title='bbox 1136 2947 1243 3010; x_wconf 80' lang='lat' dir='ltr'><strong>osten</strong></span> 
     </span>
     <span class='ocr_line' id='line_1_27' title="bbox 282 3047 1244 3134; baseline 0 -19"><span class='ocrx_word' id='word_1_184' title='bbox 282 3047 380 3128; x_wconf 90' lang='lat' dir='ltr'><strong>ditur,</strong></span> <span class='ocrx_word' id='word_1_185' title='bbox 402 3055 439 3115; x_wconf 88' lang='lat' dir='ltr'><strong>ut</strong></span> <span class='ocrx_word' id='word_1_186' title='bbox 462 3047 619 3128; x_wconf 89' lang='lat' dir='ltr'><strong>videatur,</strong></span> <span class='ocrx_word' id='word_1_187' title='bbox 642 3066 707 3134; x_wconf 87' lang='lat' dir='ltr'><strong>quo</strong></span> <span class='ocrx_word' id='word_1_188' title='bbox 741 3048 782 3116; x_wconf 88' lang='lat' dir='ltr'><strong>sit</strong></span> <span class='ocrx_word' id='word_1_189' title='bbox 815 3048 958 3116; x_wconf 88' lang='lat' dir='ltr'><strong>eundum</strong></span> <span class='ocrx_word' id='word_1_190' title='bbox 990 3057 1022 3117; x_wconf 92' lang='lat' dir='ltr'><strong>et</strong></span> <span class='ocrx_word' id='word_1_191' title='bbox 1045 3047 1099 3115; x_wconf 91' lang='lat' dir='ltr'><strong>ubi</strong></span> <span class='ocrx_word' id='word_1_192' title='bbox 1124 3065 1244 3116; x_wconf 88' lang='lat' dir='ltr'><strong>cavon-</strong></span> 
     </span>
     <span class='ocr_line' id='line_1_28' title="bbox 281 3151 1243 3241; baseline -0.002 -19"><span class='ocrx_word' id='word_1_193' title='bbox 281 3151 379 3233; x_wconf 88' lang='lat' dir='ltr'><strong>dum;</strong></span> <span class='ocrx_word' id='word_1_194' title='bbox 401 3153 476 3222; x_wconf 91' lang='lat' dir='ltr'><strong>item</strong></span> <span class='ocrx_word' id='word_1_195' title='bbox 500 3153 540 3222; x_wconf 90' lang='lat' dir='ltr'><strong>ad</strong></span> <span class='ocrx_word' id='word_1_196' title='bbox 564 3153 852 3241; x_wconf 87' lang='lat' dir='ltr'><strong>praemuniendum</strong></span> <span class='ocrx_word' id='word_1_197' title='bbox 869 3161 979 3222; x_wconf 89' lang='lat' dir='ltr'><strong>contra</strong></span> <span class='ocrx_word' id='word_1_198' title='bbox 1001 3153 1129 3221; x_wconf 80' lang='lat' dir='ltr'><strong>intutas</strong></span> <span class='ocrx_word' id='word_1_199' title='bbox 1143 3159 1243 3222; x_wconf 88' lang='lat' dir='ltr'><strong>tenta·</strong></span> 
     </span>
     <span class='ocr_line' id='line_1_29' title="bbox 282 3260 392 3329; baseline -0.018 -2"><span class='ocrx_word' id='word_1_200' title='bbox 282 3260 392 3329; x_wconf 89' lang='lat' dir='ltr'><strong>tiones.</strong></span> 
     </span>
    </p>
   </div>
   <div class='ocr_carea' id='block_1_3' title="bbox 353 3471 552 3540">
    <p class='ocr_par' dir='ltr' id='par_1_4' title="bbox 353 3471 552 3540">
     <span class='ocr_line' id='line_1_30' title="bbox 353 3471 552 3540; baseline 0 -12"><span class='ocrx_word' id='word_1_201' title='bbox 353 3473 361 3508; x_wconf 91' lang='lat'>¹</span> <span class='ocrx_word' id='word_1_202' title='bbox 382 3471 446 3540; x_wconf 87' lang='lat' dir='ltr'><strong>Cap.</strong></span> <span class='ocrx_word' id='word_1_203' title='bbox 467 3475 490 3540; x_wconf 85' lang='lat' dir='ltr'><strong>l,</strong></span> <span class='ocrx_word' id='word_1_204' title='bbox 510 3475 552 3530; x_wconf 75' lang='lat'><strong>28.</strong></span> 
     </span>
    </p>
   </div>
   <div class='ocr_carea' id='block_1_4' title="bbox 0 0 1415 4318">
    <p class='ocr_par' dir='ltr' id='par_1_5' title="bbox 0 0 1415 4318">
     <span class='ocr_line' id='line_1_31' title="bbox 0 0 1415 4318; baseline 0 0"><span class='ocrx_word' id='word_1_205' title='bbox 0 0 1415 4318; x_wconf 95' lang='lat' dir='ltr'><strong> </strong></span> 
     </span>
    </p>
   </div>
  </div>
 </body>
</html>
