2742 4320
327 243 392 312 380
755 265 862 315 innan.

326 369 387 425 Cur.
404 370 464 425 XX.
482 370 519 424 De
537 371 705 438 meditatione
725 372 828 425 Domini
846 375 902 427 lesu
918 411 1102 428 .....
1126 386 1187 442 pua.
1233 372 1261 425 if>

352 480 365 506 ι
405 461 475 514 XXl.
495 461 532 514 De
550 463 722 516 ostentatione
739 462 858 517 cavenda
876 501 1190 517 ........
1237 461 1265 514 ti

350 569 364 597 a
404 549 484 602 XXll.
503 550 541 602 De
560 549 697 615 disciplina
716 556 787 616 entra
805 551 915 605 domum
935 552 1065 606 servanda
1099 591 1106 604 .
1143 593 1149 604 .
1185 589 1193 604 .
1239 552 1264 603 it
1310 568 1311 582 ¹

350 658 363 688 n
403 639 495 693 XXlll.
514 639 551 692 De
570 641 687 693 oratione
705 645 730 694 et
748 639 916 694 meditatione
934 643 960 694 in
979 643 1022 694 vla
1041 639 1159 694 facienda
1186 679 1193 692 .
1240 641 1263 691 at

350 747 364 777 ι
404 727 501 780 XXlV.
519 727 557 780 De
575 729 732 782 feminarum
752 728 924 782 familiaritate
941 729 1063 783 vitanda.
1102 768 1109 781 .
1146 767 1153 782 .
1188 767 1195 781 .
1241 728 1267 779 32

350 835 365 865 a
404 816 490 869 XXV.
510 815 548 868 De
567 815 685 869 libertate
698 821 724 869 et
741 817 860 870 custodia
879 818 966 871 cordis
982 817 1115 872 servanda
1128 824 1154 871 et
1165 816 1197 870 de

468 902 630 958 subiectione
648 919 712 970 erga
730 906 875 970 praelatum
879 942 1197 959 ........
1243 901 1269 953 st

232 1009 238 1024 ¹
349 1011 363 1041 ι
404 991 498 1046 XXVl.
518 992 711 1060 compendium
731 993 942 1069 supradictorum
966 1031 1198 1048 ......
1244 991 1270 1044 il

681 1115 763 1170 PARS
781 1115 935 1170 SECUNDA.

327 1241 534 1296 praefatiuncula
564 1279 1200 1296 ...............
1245 1239 1271 1291 ii

325 1329 388 1386 Car.
405 1330 512 1384 XXVll.
530 1331 641 1397 Semper
659 1333 695 1384 sls
714 1330 764 1384 sub
783 1331 854 1384 bono
873 1339 973 1386 rectore
1013 1369 1200 1385 .....
1245 1327 1272 1380 ii

349 1438 362 1468 n
404 1420 518 1474 XXVlll.
537 1419 575 1473 De
593 1421 661 1474 mala
681 1419 799 1474 libertate
817 1421 937 1475 cavenda
968 1457 1201 1475 ......
1246 1418 1271 1469 ii

349 1528 362 1558 n
404 1509 500 1565 XXlX.
518 1510 666 1576 Religiosus
685 1523 737 1563 non
756 1509 836 1563 debet
848 1511 948 1564 vilioris
966 1523 1025 1566 esse
1043 1510 1201 1564 conditionis

468 1599 494 1649 in
514 1611 666 1664 progressu,
686 1611 767 1664 quam
786 1598 833 1652 fuit
851 1599 877 1650 in
897 1599 1017 1664 ingressu
1054 1637 1062 1650 .
1103 1640 1110 1651 .
1149 1635 1157 1651 .
1191 1633 1199 1648 .
1246 1593 1271 1644 3⁹

348 1705 362 1735 a
401 1686 488 1739 XXX.
507 1687 544 1740 De
563 1689 615 1740 otio
634 1687 753 1740 cavendo
771 1693 797 1740 et
815 1687 936 1741 sensibus
954 1688 1120 1741 refrenandis
1147 1725 1156 1739 .
1190 1723 1199 1737 .
1246 1681 1271 1734 li

348 1794 361 1824 ι
403 1775 500 1829 XXXl.
520 1777 556 1828 De
575 1778 625 1842 piis
650 1773 814 1842 lectionibus,
833 1775 1046 1830 meditationibus
1071 1781 1098 1830 et
1122 1775 1199 1830 bonis

468 1863 665 1930 operationibus
686 1863 883 1931 frequentandis
920 1900 1200 1919 .......
1246 1857 1268 1910 il

349 1969 364 2002 a
404 1951 512 2006 XXXiI.
531 1952 568 2005 De
586 1952 716 2006 evitandis
735 1951 936 2018 cogitationibus
953 1953 1029 2005 vanis
1046 1959 1074 2006 et
1093 1954 1196 2020 pravis.
1245 1945 1269 1998 ll

349 2059 363 2089 ι
404 2041 520 2096 XXXlll.
539 2041 577 2094 Dc
590 2039 695 2094 duobus
708 2040 841 2106 cavendis,
855 2043 942 2106 primo
956 2041 1044 2109 quoad
1056 2057 1086 2095 se
1098 2044 1199 2108 ipsum.
1245 2037 1271 2089 li

347 2147 362 2179 >›
402 2129 524 2183 XXXlV.
543 2131 580 2183 De
599 2129 705 2184 duobus
723 2130 857 2196 cavendis,
876 2132 994 2184 secundo
1014 2131 1102 2199 quoad
1126 2133 1198 2185 alios.
1246 2125 1271 2178 ⁴⁶

350 2236 363 2266 n
403 2217 515 2271 XXXV.
534 2219 570 2270 De
590 2216 770 2286 tribueritis,
789 2231 857 2286 quae
876 2215 1052 2272 communiter
1067 2220 1144 2285 apud
1157 2221 1200 2272 lio

469 2309 553 2360 mines
571 2309 662 2372 vigent
700 2345 1198 2361 ............
1247 2300 1272 2354 Π

348 2415 363 2445 o
402 2396 523 2451 XXXVi.
543 2396 693 2450 Nuliatenus
711 2411 803 2450 curare
818 2395 949 2450 debemus
967 2396 1065 2451 babere
1083 2399 1198 2452 mrtosa.
1244 2389 1270 2444 ti

347 2504 361 2534 ι
401 2485 534 2539 XXXVll.
553 2485 590 2538 De
609 2498 660 2538 non
680 2485 798 2538 curando
817 2489 933 2540 numano
951 2486 1062 2540 iudicio.
1100 2527 1106 2540 .
1148 2526 1154 2540 .
1191 2523 1199 2538 .
1247 2479 1272 2532 li

349 2593 363 2622 r
403 2574 544 2628 XXXVlll.
563 2575 619 2627 Noli
638 2577 739 2628 moveri
758 2575 964 2629 detractionibus
982 2577 1119 2629 bominum
1146 2613 1154 2629 .
1188 2612 1196 2627 .
1244 2570 1266 2620 51

348 2681 361 2711 ι
401 2662 526 2716 ΧΧΧΙΧ.
543 2663 599 2717 Noli
618 2665 643 2717 iu
664 2664 744 2717 corde
763 2672 851 2718 tenere
869 2678 1006 2718 rancorem
1025 2665 1067 2718 vel
1086 2664 1194 2718 odium.
1244 2657 1270 2712 fri

348 2767 362 2796 r
401 2748 455 2803 XL.
475 2751 557 2804 Stude
582 2753 657 2826 prius
681 2753 814 2818 corrigere
838 2754 863 2804 in
889 2758 915 2805 te
933 2752 1006 2820 quod
1031 2755 1057 2806 in
1080 2753 1132 2806 allo
1159 2766 1198 2806 re-

468 2840 610 2905 prehendis
655 2878 1197 2896 .............
1244 2833 1270 2888 5⁸

348 2945 362 2977 a
402 2927 467 2980 XLl.
481 2928 641 2996 Frequenter
650 2930 752 2996 proprii
762 2936 843 2984 status
852 2930 967 2984 conditio
977 2929 1196 2986 estdiscutienda.
1242 2923 1268 2978 5⁶

323 3051 440 3118 Epistola
459 3053 539 3108 altera
557 3055 672 3107 auctoris
700 3091 1196 3110 ............
1244 3047 1270 3102 59

638 3195 746 3263 LIBER
770 3195 972 3266 SECUNDUS.

376 3335 544 3406 Formulo
567 3337 607 3404 de
630 3337 803 3406 tamtarn
826 3336 970 3407 bominis
992 3337 1227 3427 reformatione

665 3445 713 3511 nd
732 3443 950 3532 proficientes.

323 3585 451 3654 Prologus
470 3625 1192 3644 .................
1236 3579 1264 3634 63
