819 1202
202 128 222 140 1111
233 128 346 141 marom-tom:
357 128 422 141 nonnus
434 129 530 141 zxwmoms.
587 124 608 142 33

123 156 205 174 versatur,
217 154 230 171 si
243 154 279 175 plus
292 154 334 171 videt
346 157 361 171 te
373 154 466 172 exacerbari
483 157 499 172 et
513 155 608 175 contristari,

123 181 173 197 habet
185 181 228 202 quod
237 181 305 202 quaerit,
317 183 333 198 et
341 183 384 198 tanto
396 181 453 198 fortius
464 182 516 201 instat,
528 182 609 203 quomodo

123 209 140 224 te
152 209 214 228 gravet,
225 209 286 229 quanto
298 207 334 228 plns
346 207 389 224 videt
398 207 451 224 valere
459 210 525 224 conatus
537 212 575 225 suos
588 208 608 225 ad

123 233 146 253 id,
158 233 202 255 qnod
215 233 286 251 intendit.
298 234 313 251 Si
326 236 379 251 autem
397 234 459 254 viderit,
471 234 514 256 quod
531 235 609 256 patienter

123 260 195 277 sustines
206 262 222 277 et
234 261 327 282 pertransis,
339 261 371 278 acsi
383 265 414 277 non
427 261 495 280 sentias;
505 261 609 278 confunditur
637 268 642 271 -

123 287 140 303 111
152 291 170 304 se
181 287 222 308 ipso,
232 289 248 304 et
255 286 384 309 confrinyentur
393 290 472 304 tumentes
479 287 553 309 fluctus‘
566 288 606 308 eius,

122 315 140 330 et
152 318 173 330 ex
186 313 294 335 indignatione
305 314 378 335 quiescit,
390 314 451 334 videns,
463 314 505 336 quod
523 319 554 331 non
566 314 609 331 valet

122 340 188 357 efficere
200 340 243 362 quod
255 340 348 362 quaerebat,
360 341 425 360 scilicet,
438 343 456 357 nt
467 343 482 358 te
500 341 608 361 conturbaret,

123 366 149 383 vel
159 369 202 383 certe
210 367 286 384 contusus
294 367 408 389 compungitur
415 369 432 384 et
439 367 525 389 corrigitur
533 367 609 389 exemplo

122 393 210 415 patientiae
222 395 259 410 tuae
271 393 371 411 emendatus.

170 421 185 437 2.
201 421 261 442 Quodsi
277 421 317 438 torte
333 421 422 438 obstinatus
434 425 463 438 uec
478 421 564 444 corrigitur
580 425 609 438 nee

122 447 187 464 desistit
199 449 214 464 te
226 447 307 469 persequi,
315 448 358 464 disee
366 448 427 469 aliquid
436 448 468 469 pati
477 452 523 469 posse
532 452 561 469 pro
571 448 609 467 Deo,

122 473 163 495 quia
169 473 200 494 ille,
209 474 236 495 qui
245 474 273 491 tibi
281 474 382 494 adversatur,
388 474 454 496 gravius
462 476 526 496 torquet
532 479 549 491 se
556 474 608 496 ipsum

122 505 174 522 quau]
187 502 207 517 te.
219 501 249 522 Qui
261 503 315 517 antem
328 501 405 523 seipsum
420 501 502 518 morderet
513 503 529 518 et
541 501 609 518 laniaret

122 527 140 543 in
153 527 209 543 odium
222 527 250 547 tui,
262 527 300 549 quid
314 529 329 544 te
341 528 424 544 laederet?
435 528 490 548 lmmo,
499 530 514 544 te
522 528 542 545 de
550 532 567 544 se
576 528 608 545 viu·

122 553 187 570 dicaret
198 554 238 575 ipse,
250 558 281 570 non
293 556 310 570 tu
324 559 407 571 morsuum
420 554 488 571 vulnera
499 554 571 571 sentires.
587 554 609 571 lta

122 580 184 597 sentias
196 580 216 597 de
228 580 260 601 illo,
272 581 299 602 qui
312 583 327 597 te
339 581 377 600 odit,
385 581 428 603 quod
437 585 454 597 se
463 581 511 597 laniat
518 583 534 598 et
545 585 575 598 uon
584 583 608 601 te;

122 607 169 624 unde
180 609 198 624 tu
210 607 268 624 habeto
281 612 335 629 pacem
349 609 406 627 tecum,
418 609 434 624 et
445 607 497 624 aliena
509 608 569 624 malitia
577 612 609 624 uon

124 634 154 650 tibi
167 634 235 654 nocebit,
246 634 289 656 qnia,
301 634 330 651 etsi
343 634 392 651 verba
408 634 514 651 contumeliae
526 634 553 651 tibi
569 634 609 652 intu-

126 660 169 680 lerit,
181 660 243 677 discere
254 661 308 681 debes,
320 662 338 677 nt
346 661 400 678 omnia
408 661 457 678 verba
466 661 525 678 habeas
534 665 562 682 pro
570 665 609 678 sono

124 689 225 707 transeunte,
237 687 266 704 nisi
278 689 356 709 quantum
369 688 423 705 valeas
435 692 455 705 ex
464 688 487 704 eis
495 687 609 705 aedificationis

123 713 219 735 exemplum
231 718 298 736 capere3
310 714 338 731 sed
351 714 367 731 iu
378 716 456 736 quantuni
469 714 564 736 perturbare
575 719 609 736 pos-

123 743 163 758 sunt
175 742 191 758 et
202 741 316 761 scandalizare,
328 741 359 758 sint
372 741 399 758 tibi
412 741 453 758 sicut
464 741 519 758 avium
539 741 609 762 garritus

123 769 140 784 et
153 767 221 784 latratus
232 772 299 788 cauum;
307 767 347 784 haec
359 772 396 784 cum
406 767 458 788 audis,
466 768 545 789 pertransi
553 769 569 784 et
577 772 608 784 uun

123 798 177 811 cures.
185 803 208 806 —
215 794 249 811 Noli
262 794 285 811 illi
297 794 354 811 similis
365 794 406 814 neri,
414 794 441 816 qui
450 794 478 811 tibi
486 794 562 814 detrahit,
571 794 609 816 qnia

124 821 167 838 sicut
179 821 194 837 in
208 821 234 837 illo
246 821 305 838 odibile
317 822 342 838 est
350 821 405 838 vitium
415 821 523 840 detractionis,
531 821 552 838 ita
561 821 609 838 etiam

124 850 167 864 osset
180 848 195 864 in
208 849 227 864 to.
240 847 289 864 Nemo
301 849 355 864 antem
371 848 387 864 in
404 847 460 864 odiurn
478 847 566 864 adversarii
584 847 609 864 sui

124 874 189 891 sibimet
197 874 275 896 praecidit
287 879 343 891 nasum
357 874 380 891 vel
393 874 435 892 eruit
447 874 512 894 oculos3
524 874 546 891 sic
562 878 609 891 nemo

123 901 188 923 sapiens
200 901 276 923 deturpat
287 901 372 923 seipsum,
384 903 401 918 nt
413 902 436 918 sic
444 906 461 918 se
472 901 542 918 vindicet
549 901 569 918 de
582 901 610 918 iui-

124 928 171 948 mico,
182 928 221 949 quia
233 930 270 945 tunc
282 932 313 945 non
325 928 411 948 tristitiam,
420 928 448 945 sed
457 928 533 945 laetitiam
545 928 609 945 inimico

160 958 165 966 ¹
175 958 198 973 ton
208 959 231 976 aa,
242 959 264 972 11.
