2738 4316
261 277 301 323 DE
324 275 550 325 courdsirlortu
575 277 703 326 HOMINIS
727 277 916 326 ullTEtttottls.
1030 262 1072 326 29

110 382 258 449 desidero
282 383 322 448 ad
347 383 586 468 egrediendum,
611 385 670 451 nisi
696 384 824 469 quando
851 384 898 450 vel
922 384 1074 451 obedien·

111 490 173 555 tiae
196 489 279 574 cogit
304 489 500 571 mandatum,
524 489 572 557 rel
608 491 670 556 alia
703 490 790 556 utilis
814 496 845 556 et
874 490 1072 558 rationabilis

108 615 207 664 causa
231 598 374 682 requirit.
400 599 431 664 ln
456 598 552 665 domo
575 599 658 665 enirn
684 601 856 665 consistere
880 605 911 664 et
934 597 1073 666 aturliis

108 712 140 770 et
165 703 349 771 horninibus
380 705 601 772 absconditum
635 705 733 770 latere
765 721 891 790 semper
923 712 971 770 est
996 704 1073 772 utile

110 808 276 893 Religioso‚
300 809 353 895 qui
380 809 438 876 silai
464 810 625 877 desiderat
641 818 672 876 et
688 809 753 877 Deo
770 827 892 876 vacare.
909 809 1070 895 Quidquid

107 915 287 982 derotinnis
310 917 341 982 in
359 917 453 983 domn
470 917 603 1002 colligis,
620 919 679 985 hoc
696 915 781 983 toras
797 917 964 1001 egrediens
981 935 1072 1003 spar-

107 1021 156 1107 gis
179 1022 417 1109 potiusquam
452 1041 569 1108 augeas
593 1031 625 1090 et
660 1041 839 1089 conserves.
864 1024 951 1091 Unde
977 1040 1071 1108 saepe

106 1131 235 1215 experti
273 1147 385 1197 sumus
420 1138 483 1196 tam
515 1132 545 1195 in
578 1129 669 1196 nobis
704 1149 800 1216 quam
826 1131 855 1196 in
881 1131 960 1211 aliis,
985 1131 1070 1216 quod

106 1235 260 1321 frequens
283 1235 389 1302 exitus
415 1243 445 1301 et
480 1237 678 1302 conversatio
713 1254 786 1302 curn
820 1236 947 1303 saeculo
970 1245 1001 1303 et
1024 1255 1073 1302 oc·

106 1343 236 1426 cupatio
271 1341 368 1407 nimia
403 1342 600 1408 exteriorum
637 1341 837 1427 negotiorum
870 1341 1070 1407 devotionem

107 1449 223 1514 mentis
248 1447 433 1532 exstinguit,
457 1447 614 1515 sermnem
633 1448 765 1534 spiritus
782 1449 927 1532 tepefacit
942 1457 974 1513 et
990 1447 1072 1513 forte

105 1555 308 1640 propositum
334 1555 460 1622 virtutis
492 1555 621 1632 emollit,
654 1573 709 1621 cor
740 1555 894 1634 dissolvit,
923 1554 1067 1620 studium

105 1663 294 1750 proficiendi
320 1662 473 1743 debilitat,
498 1663 628 1730 delicias
659 1665 751 1730 docet
774 1681 892 1740 amare,
917 1663 984 1728 sine
1007 1661 1071 1727 fru·
1171 1661 1181 1684 ⁶

104 1775 161 1838 ctu
197 1779 325 1855 tempus
359 1771 552 1856 expendere,
589 1770 687 1837 rerba
723 1771 823 1838 otiosa
848 1769 1071 1855 multiplicare,
1101 1835 1103 1840 .

103 1877 183 1943 iocis
207 1884 239 1943 et
263 1875 367 1943 trullis
392 1878 567 1955 intendere,
592 1879 751 1945 orationes
775 1879 946 1963 negligere,
970 1878 1067 1944 lloras

94 1986 274 2052 canonicas
298 1984 454 2053 desidiose
478 1995 509 2052 et
533 1985 653 2052 cursim
686 1987 803 2052 dicare.
827 1985 966 2052 Tandem
991 1986 1068 2052 sub-

102 2093 228 2158 intrant
251 2110 353 2177 aquae
377 2093 585 2159 tentationum
619 2092 649 2157 in
680 2110 793 2159 narem
819 2091 925 2159 cordis
948 2111 1006 2177 per
1031 2093 1071 2158 ri·

101 2217 175 2265 mas
199 2198 416 2266 dissolutionis
439 2218 479 2267 ex
505 2200 682 2267 devotionis
705 2200 863 2280 ariditate,
880 2218 972 2286 quae,
994 2217 1067 2267 cunr

101 2324 166 2371 non
193 2307 432 2373 exhauriuntur
457 2325 513 2392 per
530 2307 760 2374 discussionem
780 2308 899 2393 proprii
917 2315 1018 2374 status
1034 2316 1066 2374 et

101 2429 163 2498 per
187 2431 302 2496 puram
327 2412 567 2494 confessionem,
592 2414 641 2481 rel
666 2433 727 2480 nnn
753 2414 876 2481 sortiter
898 2414 1068 2481 obstruun-

101 2525 159 2585 tur
185 2517 285 2586 rimae
316 2537 374 2606 per
405 2520 586 2606 diligentem
620 2522 809 2600 custodiam,
838 2521 990 2607 paulatim
1016 2539 1069 2588 au·

101 2630 233 2709 gentnr,
256 2623 356 2692 donec
381 2625 593 2712 submergunt
619 2629 779 2694 hominem
805 2628 836 2693 in
854 2635 1019 2712 peceatum
1036 2633 1067 2692 et

101 2729 333 2797 contusionem.
358 2731 421 2799 lloc
452 2741 556 2799 tamen
589 2751 650 2798 non
687 2734 767 2812 dico,
794 2741 827 2799 ut
851 2731 1011 2800 difficilem
1038 2739 1068 2799 te

100 2837 223 2904 reddas
253 2838 294 2903 ad
325 2837 550 2916 obediendum,
581 2840 710 2925 quando
741 2839 861 2905 iuberis
885 2839 986 2917 exire,
1011 2837 1064 2905 sed

100 2962 165 3010 non
192 2943 287 3010 debet
310 2944 365 3011 tilii
390 2961 459 3012 esse
476 2945 647 3012 consolatio
664 2946 789 3030 evagari
815 2954 908 3012 extra
925 2946 1067 3024 domum,

99 3049 147 3117 ita
165 3059 211 3129 ut,
228 3057 382 3135 quantum
401 3051 431 3116 in
450 3060 479 3118 te
500 3060 556 3131 est,
574 3071 700 3138 semper
726 3052 826 3136 magis
847 3051 960 3137 diligas
980 3051 1065 3117 dorni

101 3156 215 3235 latere,
241 3156 299 3223 nisi
323 3157 502 3224 ohedientia
532 3157 580 3225 vel
614 3159 733 3225 utilitas
756 3159 881 3244 animae
905 3157 991 3224 aliud
1018 3175 1068 3222 re-

100 3263 230 3348 quirat3
246 3262 363 3328 melior
380 3263 529 3330 ostentm
546 3263 728 3331 odedientia
749 3283 852 3353 quoio
876 3264 1030 3330 victinaoe
1044 3265 1065 3327 ¹.

195 3371 226 3436 ἢ.
251 3370 384 3454 Quando
409 3389 484 3438 vero
509 3371 641 3438 domum
665 3371 851 3456 egredieris,
885 3388 946 3436 non
984 3369 1067 3436 mul·

100 3483 172 3542 turn
205 3476 443 3562 circumspicias
467 3477 497 3544 in
526 3477 649 3562 plateis,
679 3495 719 3544 ne
742 3477 823 3544 torte
848 3477 955 3544 videas
981 3477 1066 3542 unde

176 3598 186 3629 ¹
207 3601 225 3652 r.
243 3600 310 3666 neg.
331 3601 372 3666 ta,
394 3601 437 3653 aa.
