2808 4318
298 263 362 328 152
636 279 725 326 arnna
749 279 921 328 snuuanus.

297 384 399 462 tinea,
434 392 465 450 et
498 403 521 450 a
555 383 696 452 muliere
730 385 894 474 iniquitas
916 385 1009 463 oiri,·
1044 385 1219 470 Gregorius
1234 385 1262 449 ¹:

300 517 316 550 α
334 491 394 576 Qui
418 509 536 576 corpus
567 509 663 558 suum
697 493 907 560 continentiae
942 491 1091 559 dedicant
1114 490 1262 558 habitare

296 615 369 665 cum
393 597 519 665 feminis
543 617 604 664 non
636 606 886 683 praesumant».
911 599 989 664 Nam
1025 598 1181 684 quamdiu
1219 597 1263 663 ri-

295 704 368 772 talis
391 705 478 771 cator
502 705 580 771 vivit
603 705 634 771 in
659 722 804 790 corpore,
822 715 914 772 nemo
934 711 1130 789 praesumat,
1155 705 1264 789 ignem

296 811 570 896 concupiscentiae
603 813 634 877 in
666 829 701 879 se
732 812 859 897 penitus
894 812 1089 879 exstinctum
1118 828 1201 878 esse.
1228 811 1264 878 Et

296 935 390 1002 saepe
414 917 511 984 carbo
533 917 661 1008 ridetur
683 917 872 998 exstinctus,
896 918 1020 986 modica
1044 917 1151 984 favilla
1172 935 1265 1004 oper·

296 1030 359 1104 tus,
383 1024 440 1091 sed
464 1025 490 1090 si
516 1025 666 1110 tangitur,
690 1024 860 1091 comburit.
886 1024 1037 1092 Diabolus
1054 1024 1161 1109 igitur,
1185 1041 1264 1090 cum

297 1130 379 1198 duos
402 1131 557 1198 carbones
580 1132 819 1211 coadunaverit,
842 1130 938 1210 afflat,
963 1131 1063 1199 donec
1079 1149 1133 1198 eos
1158 1132 1265 1198 incen-

296 1237 368 1317 dat;
392 1237 484 1304 lob²z
509 1237 645 1304 Halitus
668 1238 742 1304 eicis
755 1257 889 1322 prunos
911 1239 1034 1304 ardere
1056 1236 1161 1325 facit·
1185 1238 1265 1323 igni·

296 1352 349 1413 tus
372 1352 420 1412 est
443 1345 528 1411 enim
564 1345 635 1429 igne
666 1345 844 1428 gehennali.
869 1345 981 1420 Carbo,
1006 1345 1030 1412 si
1056 1345 1145 1411 solus
1167 1343 1265 1410 relin-

296 1452 417 1537 quitur,
440 1451 676 1537 exstinguitur;
699 1453 725 1517 si
750 1452 951 1536 componitur
967 1451 1070 1530 alteri,
1087 1468 1128 1518 cx
1148 1459 1263 1518 mutuo

298 1559 404 1626 calore
427 1557 641 1625 incenduntur
665 1558 777 1637 ambo;
800 1566 832 1624 et
856 1575 951 1642 saepe
974 1557 1090 1642 spiritu
1115 1557 1263 1641 inccptns

299 1682 390 1730 amor
413 1671 655 1731 consummatur
679 1663 807 1732 carnei
831 1646 1046 1730 Bernartius‘:
1076 1662 1184 1729 «Cum
1221 1663 1264 1730 ie·

299 1771 384 1838 mina
408 1789 534 1856 semper
558 1788 628 1837 esse
658 1779 690 1837 ct
712 1770 862 1837 feminam
887 1788 948 1836 non
973 1786 1176 1854 cognoscere,
1200 1769 1263 1837 boc

296 1894 355 1961 ego
379 1876 482 1941 maius
506 1884 622 1961 reputo
637 1893 733 1961 quam
752 1884 895 1941 mortuos
912 1875 1077 1941 suscitare.
1094 1873 1155 1958 Qui
1183 1891 1263 1959 ergo

296 1980 381 2067 quod
406 1981 513 2049 miuus
536 1988 585 2048 est
608 1999 669 2046 non
686 1989 786 2066 potes,
802 1980 889 2066 quod
905 1979 1009 2046 maius
1024 1987 1073 2046 est
1099 1979 1264 2066 quomodo

297 2084 425 2151 credam
450 2085 559 2151 tibia

386 2194 417 2258 2.
440 2195 570 2259 astutus
592 2192 689 2258 etiam
715 2191 862 2258 diabolus
885 2191 917 2257 in
941 2190 1097 2277 principio
1114 2191 1264 2260 incautae

297 2297 521 2365 familiaritatis
543 2299 681 2365 occultat
704 2297 836 2384 laqueos
852 2298 1033 2365 tentationis
1048 2297 1197 2376 carnatis,
1215 2313 1264 2364 re

297 2413 424 2490 putans,
448 2405 534 2491 quod
559 2405 748 2472 desisterent
770 2423 789 2470 a
813 2412 926 2472 mutua
949 2404 1128 2484 dilectione,
1144 2405 1171 2470 si
1188 2421 1265 2470 sen·

298 2512 395 2578 tirent
418 2511 492 2578 inde
514 2511 661 2578 stimulos
694 2510 825 2596 peccati,
849 2511 950 2588 donec
984 2528 1042 2597 pcr
1066 2510 1193 2596 longam
1219 2509 1264 2577 ta·

296 2618 511 2685 miliaritatem
536 2628 568 2684 et
591 2619 751 2685 incautam
775 2617 978 2686 securitatem
995 2616 1128 2684 affectus
1150 2617 1264 2684 ambo-

297 2743 370 2792 rum
395 2726 439 2791 ita
472 2725 597 2792 conflati
633 2731 665 2790 et
699 2723 905 2810 conglutinati
938 2723 1057 2792 tuerint
1079 2723 1112 2790 in
1140 2741 1263 2802 amore,

296 2831 393 2916 quod,
408 2831 532 2898 etiamsi
548 2832 693 2911 sentiant,
718 2831 777 2898 sibi
801 2831 875 2898 inde
892 2829 1058 2898 imminere
1079 2829 1263 2898 tentamnis

296 2938 488 3024 periculum,
511 2938 652 3006 nesciant
676 2937 800 3005 resitire
824 2955 881 3004 neo
897 2938 938 3003 ab
955 2937 1089 3004 invicem
1106 2937 1263 3022 separari,

297 3043 421 3110 viribus
444 3043 665 3130 spiritualibus
689 3044 733 3110 ita
756 3043 929 3110 debilitatis
946 3042 977 3109 in
1000 3043 1056 3122 eis,
1072 3042 1160 3130 quod
1182 3059 1263 3110 neu·

298 3158 345 3219 ter
370 3151 453 3219 vaiet
476 3151 603 3219 sibimet
626 3151 691 3217 rim
716 3150 820 3218 iacere
854 3156 985 3231 tantam
1015 3158 1053 3217 ut
1075 3150 1191 3218 evellat
1228 3167 1263 3218 se

300 3257 340 3324 de
363 3257 488 3345 laqueo,
513 3259 610 3323 immo
645 3257 734 3324 timet
765 3257 902 3323 atterum
940 3257 971 3322 in
995 3263 1119 3323 tantum
1143 3256 1264 3324 coutri-

369 3417 378 3452 ¹
398 3417 454 3472 Lib.
475 3419 513 3472 ur.
533 3419 631 3484 Dtaiog.
652 3432 676 3472 c.
694 3417 724 3470 7.·
881 3415 975 3483 2Cap.
994 3415 1036 3482 tr,
1057 3417 1100 3470 42.

368 3502 450 3562 'th
469 3509 523 3562 Gal.
543 3509 569 3572 3,
588 3509 613 3560 3.

368 3591 380 3623 ⁴
399 3595 425 3647 tn
444 3593 543 3650 Contio.
562 3609 650 3650 sermo
670 3595 713 3649 65.
732 3609 759 3648 n.
779 3593 804 3648 t.
