2776 4316
299 237 364 302 276
654 255 743 303 nmen
766 255 905 303 nonnae.

298 359 356 440 dit,
379 367 436 427 aut
459 359 545 428 vires
568 361 711 447 corporis
732 363 771 428 ad
790 361 1013 430 sustinendum
1031 360 1193 448 penurias,
1210 366 1278 429 aut

299 466 497 551 spirituatem
522 467 725 535 dulcedinem
750 469 915 535 meliorem
940 467 1059 534 carnali
1083 476 1114 534 et
1130 467 1278 552 insuper

299 573 478 658 praemium
503 574 648 641 caeleste.

627 754 811 823 Cnrnmnn
834 756 933 822 xtvt.

432 932 476 998 De
498 930 673 999 sobrietate
696 933 830 1020 eiusque
853 932 1128 999 distinctionibus.

389 1111 418 1174 1.
443 1107 612 1176 Sobrietas
635 1117 684 1176 est
708 1109 820 1190 virtue,
844 1129 907 1195 qua
938 1111 1083 1195 corporis
1112 1109 1274 1178 alimenta

298 1232 371 1284 cnm
408 1214 624 1283 moderamine
659 1214 874 1283 admittuntur
906 1217 935 1282 in
972 1217 1043 1282 cibo
1077 1224 1108 1283 et
1130 1224 1209 1301 potu
1236 1225 1273 1286 et

298 1338 419 1388 somno.
444 1322 588 1389 Sumitur
611 1322 706 1389 etiam
739 1323 929 1408 generaliter
953 1342 1013 1409 pro
1043 1323 1270 1392 moderamine

299 1428 341 1494 ab
363 1428 448 1495 omni
473 1429 695 1516 superfluitate
711 1437 742 1496 et
758 1429 1002 1516 intemperantia
1019 1431 1133 1498 mentis
1148 1438 1180 1497 et
1195 1449 1271 1498 cor·

299 1535 405 1620 poris;
429 1536 516 1602 ande
539 1535 673 1603 dicitnr:
699 1536 785 1603 Mens
808 1537 915 1602 sobria
938 1542 971 1603 et
994 1537 1121 1604 sobrius
1136 1554 1268 1606 sensns.

296 1641 357 1708 Sed
383 1648 478 1726 prout
493 1641 648 1728 accipitur
665 1661 723 1726 pro
741 1642 939 1709 restrictione
955 1642 1191 1723 alimentorum,
1206 1643 1270 1712 itta

297 1755 355 1829 est,
379 1765 461 1834 quae
485 1748 602 1814 dicitur
626 1749 819 1834 parsimonia
837 1748 885 1815 vel
902 1749 1095 1816 abstinentia
1117 1757 1149 1818 et
1168 1769 1271 1836 oppo-

297 1855 386 1923 nitnr
410 1855 486 1923 nitio
510 1855 604 1942 gntae
628 1856 677 1923 vel
702 1856 954 1943 gastrimargiae,
977 1875 1061 1943 qnae
1076 1865 1126 1925 est
1141 1857 1270 1926 ventris

295 1958 465 2045 ingluvies

386 2070 416 2134 2.
441 2068 493 2134 Est
515 2076 623 2134 antem
640 2068 702 2135 alia
719 2068 874 2136 sobrietas
891 2070 1087 2151 medicinae,
1103 2071 1167 2137 alia
1182 2089 1268 2138 aaa·

296 2175 409 2254 ritiae,
432 2176 494 2242 alia
518 2174 718 2264 bypocrisis,
735 2176 797 2242 alia
811 2177 1036 2263 paupertatis,
1052 2177 1117 2245 atie
1132 2177 1266 2265 relipio

294 2281 417 2350 sitatis.
441 2282 649 2350 Medicinatis
680 2283 716 2349 fit
751 2293 882 2369 propter
907 2275 1079 2352 ¹sanitatem
1116 2285 1264 2371 corporis

295 2390 547 2456 conservandam
573 2389 622 2456 vel
647 2391 919 2476 recuperandam
935 2391 1116 2470 auaritiae,
1133 2393 1173 2458 ad
1192 2411 1264 2478 par·

296 2495 433 2563 cendum
457 2496 626 2581 expensis;
650 2493 849 2584 hypocrisis,
882 2515 941 2583 pro
973 2498 1068 2565 tande
1101 2499 1263 2578 hnmana;

291 2603 517 2688 paupertatis,
553 2621 610 2688 pro
646 2603 831 2670 necessitate
866 2603 1040 2688 pennriae;
1073 2603 1263 2690 retipionis,

294 2727 353 2793 pro
376 2710 494 2776 virtute
518 2710 700 2791 obtinenda,
724 2727 782 2796 pro
806 2709 883 2777 vitio
906 2710 1068 2790 calcando,
1100 2729 1160 2796 pro
1193 2727 1264 2797 poe

294 2813 424 2882 nitentia
448 2816 581 2900 agenda,
606 2834 664 2902 pro
687 2814 905 2883 aedificatione
934 2816 1171 2902 proximorum,
1203 2834 1263 2902 pro

293 2919 395 3005 gloria
418 2921 641 3006 promerenda,
665 2939 724 3008 pro
747 2922 892 2989 acuendo
908 2922 1071 2990 intellectu
1087 2929 1120 2989 et
1135 2924 1263 3009 sapien-

295 3026 338 3094 tia
362 3027 559 3112 inquirenda.
584 3028 673 3108 Nam,
705 3030 787 3097 sicut
822 3029 959 3096 fenestra
982 3029 1149 3096 obstructa
1185 3029 1263 3097 limo

292 3132 531 3214 obtenebratur,
555 3134 599 3201 ita
621 3134 801 3202 intellectus
816 3134 887 3202 cibo
903 3135 1040 3203 obrutos
1054 3135 1262 3216 obscuratur,

293 3239 376 3307 sicut
399 3240 528 3326 saepius
550 3239 750 3326 experimur.

383 3345 412 3412 3.
438 3347 597 3413 moriens
620 3355 740 3426 antem,
763 3346 845 3442 sicut
868 3347 972 3414 omnis
989 3347 1102 3428 virtus,
1120 3355 1198 3416 tunc
1214 3365 1262 3416 so

291 3451 358 3519 tum
382 3460 430 3519 est
454 3470 562 3520 coram
587 3453 652 3520 Deo
676 3453 850 3534 meritoria,
874 3471 947 3521 cum
982 3453 1068 3521 Dens
1102 3461 1153 3522 est
1187 3455 1261 3524 eins

289 3563 387 3626 cansa
412 3559 516 3644 prima
539 3567 569 3628 et
592 3560 707 3642 torma,
729 3559 760 3627 id
777 3569 836 3641 est,
852 3569 888 3627 ut
905 3566 1035 3648 propter
1052 3560 1156 3629 Deum
1174 3562 1263 3648 prin
