2776 4316
307 233 373 300 :tut
468 209 472 216 ⁵
629 183 634 190 Ι
663 251 752 300 urana
775 251 913 300 ruamus

306 358 388 426 Vere
411 355 517 424 filialis
540 363 571 424 et
594 356 699 424 fidelis
723 357 856 426 affectus
887 363 936 424 est
970 356 1177 446 collapsae
1202 376 1262 424 suc

305 471 396 542 sunt,
420 481 582 552 quaerere
594 463 615 543 ¹,
639 481 702 530 non
726 463 906 543 commoda,
929 481 992 530 non
1027 463 1175 544 honores,
1205 481 1263 530 non

305 569 546 649 consolationes,
575 569 632 636 sed
667 569 870 636 solummodo
905 569 1060 656 placitum
1092 570 1133 656 pii
1158 570 1264 640 Patris

305 675 454 760 Magnum
478 681 527 743 est
550 675 610 743 hoc
633 693 649 741 a
676 676 742 743 Deo
766 683 874 762 petere
897 683 930 743 et
946 694 1099 762 magnum
1115 676 1265 756 obtinere,

305 791 342 849 ut
364 783 444 850 tales
467 801 525 850 nos
548 782 580 849 in
613 783 673 850 noo
707 784 827 869 peccati
864 801 999 870 corpore
1030 784 1132 863 iaciat,
1164 793 1203 850 ut
1224 783 1265 850 illi

305 905 451 956 summae
488 889 618 958 veritati
643 888 827 975 placeamus
850 895 883 956 et
917 890 959 956 ah
982 889 1053 972 eius
1087 890 1267 957 directionis

305 994 418 1080 regula
441 1009 504 1061 non
529 994 705 1061 deviemus.
730 993 813 1060 Nihil
850 993 976 1072 melius,
1000 995 1079 1061 nihil
1102 994 1216 1062 utilius
1237 992 1265 1058 in

305 1101 427 1168 mundo
450 1107 558 1185 posset
592 1100 683 1168 nobis
718 1100 864 1168 conterre
898 1101 995 1168 etiam
1031 1102 1099 1188 ipse
1122 1117 1267 1169 summus

305 1209 407 1288 Pater,
430 1213 527 1293 quam
552 1208 631 1274 tales
655 1225 712 1274 nos
736 1208 851 1288 iacere,
875 1216 911 1275 ut
934 1209 963 1274 el
987 1209 1176 1294 peremnia
1204 1206 1267 1294 pla-

305 1333 452 1393 ceamus3
477 1314 660 1382 Psalmus²z
687 1315 742 1381 Ad
764 1323 793 1381 te
815 1311 966 1402 confupt}
991 1317 1070 1382 dccc
1085 1334 1135 1382 mc
1156 1312 1268 1401 fucere

307 1421 509 1489 votttntutem
532 1429 626 1488 tcum
651 1431 709 1489 etc.
745 1423 807 1490 lloc
840 1422 990 1508 petimus,
1013 1441 1088 1490 cum
1112 1423 1263 1490 dicimus:

305 1528 386 1595 Fiat
408 1527 564 1594 voluntas
588 1537 659 1608 tuo,
682 1529 772 1596 sicut
794 1529 831 1594 ln
855 1527 945 1596 cuein
969 1537 999 1595 et
1022 1530 1059 1596 t'n
1094 1535 1201 1608 terra,
1223 1535 1266 1606 ut,

305 1635 389 1703 sicut
413 1635 457 1701 illi
482 1635 613 1720 superni
648 1635 734 1703 cives
768 1636 809 1702 ad
845 1637 1043 1704 voluntatem
1071 1643 1158 1704 tuam
1195 1643 1266 1703 sunt

305 1742 460 1828 dispositi,
483 1742 527 1808 ita
550 1750 581 1809 et
604 1761 662 1810 nos
687 1743 738 1810 liic
773 1761 832 1829 pro
867 1743 999 1811 modulo
1022 1751 1131 1811 nostro
1154 1745 1196 1812 ad
1219 1759 1267 1808 ro

307 1849 438 1916 luntatis
462 1857 536 1916 tuae
560 1849 793 1935 beneplacitum
819 1850 1040 1936 disponamur.

395 1960 426 2026 7.
450 1958 626 2044 Aliquando
649 1957 755 2024 anima
779 1957 869 2044 quasi
893 1977 1019 2044 sportam
1041 1958 1104 2024 Dei
1136 1957 1169 2024 in
1198 1959 1263 2044 ipso

306 2065 400 2132 unico
422 2063 538 2130 dilecto
562 2081 621 2129 suo
643 2063 808 2149 quiescere
832 2064 1019 2132 desiderans
1053 2073 1086 2132 et
1108 2065 1179 2132 elus
1201 2062 1261 2131 iroi

306 2169 410 2236 solum
434 2168 639 2254 amplexibus
662 2170 812 2237 ardenter
835 2171 955 2250 sitiens,
976 2189 1035 2256 pro
1051 2171 1146 2239 cuins
1160 2184 1264 2237 amore

305 2277 412 2342 omnia
434 2277 462 2342 ci
488 2276 638 2343 inferiora
663 2277 835 2357 viluerunt,
860 2279 935 2364 qnia
959 2278 1044 2344 sitim
1069 2297 1162 2346 suam
1178 2277 1265 2344 aliter

307 2383 477 2468 temperari
502 2401 564 2449 non
589 2393 707 2468 sperat,
724 2372 791 2450 ¹nisi
827 2392 892 2451 tota
927 2385 1004 2452 illuc
1035 2394 1189 2466 transeat,
1211 2383 1260 2450 ulli

307 2508 381 2560 eum
417 2487 507 2577 socie
537 2491 584 2556 ad
616 2490 741 2576 focium
776 2493 995 2578 irrepercussa
1029 2493 1143 2560 videat
1165 2491 1261 2568 acic⁸,

307 2597 480 2683 flagitando
505 2605 665 2683 precator,
688 2598 748 2664 hnc
771 2599 866 2665 citius
889 2599 1070 2684 adimpleri,
1094 2615 1169 2666 cnm
1193 2601 1261 2684 tipo

307 2704 414 2771 stolo‘
437 2702 575 2770 dt'ssoloi
597 2703 734 2789 cupiens
757 2710 787 2769 et
820 2722 888 2769 esce
923 2722 1000 2770 cunt
1026 2701 1263 2791 caruncula

306 2811 408 2878 multn
432 2810 547 2877 melius
563 2818 612 2877 est
628 2819 692 2875 tam
711 2809 906 2876 iucunditate
923 2809 1082 2880 fruitionis
1099 2811 1154 2878 Dei
1172 2827 1262 2898 quam

306 2917 476 2986 securitate
499 2917 656 2983 evasionis
678 2917 782 2982 omnis
808 2917 892 2990 mall,
916 2926 949 2983 et
971 2917 1046 3003 qttia
1064 2919 1167 3003 magis
1186 2923 1263 2984 essct

306 3026 346 3092 ad
373 3023 524 3110 placitum
549 3021 590 3088 ibi
616 3039 761 3088 snnrmae
786 3022 944 3102 Veritatis,
968 3043 1065 3108 quarn
1103 3025 1203 3108 possit
1233 3022 1261 3088 in

306 3130 366 3198 lnoc
389 3146 524 3215 corpore
559 3137 856 3215 quantumcumque
880 3128 1048 3214 proficiens
1077 3130 1159 3210 lieri,
1182 3129 1263 3216 qnia,

306 3238 387 3305 dum
410 3255 530 3304 sumus
554 3236 590 3302 t'rt
614 3233 674 3303 doc
697 3255 847 3323 corpore,
874 3237 1138 3324 pereprt'aumur
1161 3256 1185 3304 a
1209 3237 1263 3302 llo

378 3397 387 3430 ¹
409 3398 471 3451 enat.
491 3399 517 3464 a,
539 3398 583 3450 aa.
860 3395 872 3431 ¹
893 3398 932 3450 ns.
953 3395 1014 3463 lta,
1032 3399 1059 3452 a.
1081 3399 1123 3450 to.

376 3485 426 3542 ἰ.
444 3487 504 3542 eor.
525 3489 567 3556 ra,
588 3490 632 3542 tt.

377 3576 474 3633 ‘enta
496 3579 520 3644 t,
541 3579 585 3631 aa.
