2776 4316
318 232 383 296 278
680 253 768 299 prosu
791 253 930 300 runrrus.

317 365 423 424 autern
449 358 564 424 oceidit
589 359 654 443 qui,
669 360 849 426 indiscrete
873 379 906 426 se
931 378 988 446 per
1012 359 1236 427 abstinentiam
1252 367 1282 426 et

320 481 377 548 per
401 463 481 530 alins
505 464 631 532 labores
655 466 835 544 debilitans,
869 475 942 534 ante
976 467 1101 552 ungitur
1133 460 1282 544 deffcere,

234 576 239 584 '
318 588 413 654 quarn
441 571 575 655 requirit
597 572 677 638 ordo
701 580 845 650 naturae,
871 573 942 640 licet
966 574 1091 658 aliquos
1107 573 1283 642 denotionis
1356 559 1357 608 3

316 677 423 744 ferror
448 677 497 744 rei
523 697 604 763 pura
629 679 815 763 simplicitas
839 687 988 759 excuset;
1013 681 1053 746 ad
1088 681 1281 747 Romanos¹:

317 782 527 851 Botionubr'le
549 783 741 872 obsequium
766 795 923 851 vestrum.

407 892 438 958 [ι.
463 891 623 957 Sobrietas
648 892 677 957 in
704 892 807 958 tribus
843 893 1006 959 consistit:
1043 894 1074 960 iu
1109 891 1282 979 qualitate,

317 997 502 1085 quontitate
526 1006 556 1064 ot
579 999 698 1075 modo:
715 999 744 1063 in
766 999 937 1086 qualitate,
965 1008 999 1066 ut
1021 1018 1083 1066 nou
1100 1000 1239 1066 delicata
1254 1007 1282 1065 et

316 1105 455 1189 pretiosa
478 1113 508 1168 ot
533 1113 699 1171 sumtuosa
724 1107 875 1190 requirat,
900 1106 956 1172 sed
981 1105 1147 1192 simplicia,
1163 1105 1283 1190 quibus

319 1209 422 1275 valeat
446 1212 617 1276 sustentari
643 1220 758 1276 natura
782 1220 812 1278 et
836 1212 910 1290 gula
928 1231 988 1276 nnn
1008 1211 1135 1288 irritari,
1152 1219 1186 1278 et
1202 1228 1281 1296 quae

316 1317 356 1383 do
381 1316 461 1382 lucili
489 1318 610 1400 possint
633 1317 753 1384 haberi.
779 1319 810 1384 ln
835 1320 1033 1406 quontitate,
1058 1328 1171 1386 utnon
1190 1317 1282 1384 nimis
1357 1333 1358 1342 ³

316 1443 374 1491 neo
398 1426 537 1510 saepius
560 1445 656 1510 quarn
682 1426 782 1503 decet,
806 1427 860 1491 sed
887 1434 1074 1511 temperate,
1098 1435 1133 1492 ut
1148 1426 1192 1492 sil
1209 1424 1281 1492 reio

317 1531 379 1598 otio
403 1531 528 1616 corpori
553 1542 583 1598 et
608 1551 669 1597 non
694 1551 785 1598 onrrs.
804 1533 922 1598 ludrrni
940 1541 1015 1599 sunt
1033 1532 1123 1600 liberi
1139 1532 1183 1600 ab
1200 1539 1282 1598 utra-

242 1623 245 1632 *
317 1656 380 1724 quc
407 1639 465 1704 lrac
490 1639 567 1722 lege.
593 1639 623 1704 ln
648 1639 758 1717 morlo,
782 1648 818 1706 ut
842 1659 902 1704 non
928 1641 1110 1724 importune
1141 1639 1280 1724 requira-

319 1754 382 1822 tur,
409 1763 465 1810 nec
490 1745 666 1829 impetuose
691 1755 722 1811 et
743 1746 975 1830 indisciplinate
991 1755 1023 1811 et
1039 1747 1219 1812 inordinate
1234 1762 1281 1810 su·

318 1859 433 1927 matur,
459 1851 514 1917 sed
540 1852 692 1928 modeste,
718 1860 842 1918 mature
874 1861 905 1919 et
941 1852 1097 1936 religiose,
1132 1853 1216 1918 siout
1250 1851 1278 1914 in

316 1957 415 2040 priori
442 1957 588 2022 Forrnula
613 1957 829 2022 novitiorum²
854 1966 1022 2024 tractatum
1040 1957 1110 2024 luit.
1130 1960 1180 2025 Sic
1197 1957 1277 2024 enim

316 2063 398 2147 sapit
423 2064 565 2140 suavius,
590 2065 729 2129 sumitur
754 2064 963 2142 commodius,
989 2063 1091 2130 reficit
1107 2063 1278 2138 salubrius,

318 2169 423 2235 minus
447 2178 558 2253 gravat
582 2171 782 2236 stornaohunr
807 2179 838 2237 et
855 2171 978 2238 lucilius
995 2171 1164 2254 digeritur,
1180 2179 1212 2238 et
1228 2168 1278 2236 ni·
1358 2238 1359 2254 ¹

317 2293 378 2342 uus
403 2284 563 2359 peccatur,
587 2285 618 2342 et
641 2284 688 2342 est
713 2277 877 2344 honestius
900 2286 931 2344 et
956 2278 1147 2362 religiosius.

406 2386 435 2448 u.
462 2383 550 2450 Valet
574 2392 680 2450 autern
705 2385 861 2450 sobrietas
885 2384 925 2450 ud
949 2393 1031 2462 octo,
1054 2403 1138 2470 quae
1160 2380 1277 2470 snpra³

316 2498 398 2556 tacta
425 2497 518 2556 sunt:
541 2491 623 2556 valet
654 2491 701 2556 od
730 2488 995 2577 satisfactionem
1026 2510 1090 2576 pro
1121 2489 1274 2577 peccatu,

315 2605 361 2676 ut,
379 2598 460 2664 sicut
484 2597 627 2682 corporis
651 2597 814 2682 voluptate
838 2599 1051 2682 percutimur,
1076 2598 1118 2664 ita
1149 2599 1275 2682 castiga-

316 2704 400 2770 tione
424 2704 642 2771 emendemus.
666 2742 710 2752 -
735 2705 821 2783 ltenr,
844 2706 892 2771 ud
906 2705 1023 2771 cornis
1040 2704 1217 2772 lusciniam
1234 2721 1276 2768 re·

311 2808 539 2896 primmdum,
564 2820 610 2888 ut,
634 2829 716 2895 quae
741 2812 936 2894 impinguata
962 2811 1100 2877 insolens
1125 2811 1208 2878 laeta
1223 2814 1275 2884 est,

317 2925 477 2983 macerata
502 2916 602 2983 discat
626 2917 751 3001 spiritui
777 2917 907 2984 obedire
920 2919 943 2982 ⁴.
968 2953 1010 2966 -
1035 2917 1122 2997 item,
1147 2918 1196 2984 orl
1213 2933 1276 2982 eor·

313 3023 408 3108 poris
432 3023 623 3101 sortiturum,
645 3024 719 3109 quia
736 3025 849 3090 noxios
867 3025 1019 3091 humores
1035 3024 1185 3100 desiccat,
1201 3038 1275 3110 qnos

314 3130 446 3216 crapula
470 3139 501 3196 et
525 3131 614 3216 quies
649 3130 814 3216 superflua
849 3147 1003 3216 generare
1038 3131 1214 3198 consuerit
1235 3161 1276 3176 -

387 3306 394 3340 ¹
415 3305 478 3372 cap.
499 3309 540 3375 ra,
563 3309 585 3359 r.
867 3306 878 3338 ¹
899 3308 964 3360 vrue
984 3307 1029 3360 nn.
1048 3309 1067 3362 r.
1085 3321 1108 3360 c.
1128 3307 1155 3361 r.

385 3395 396 3430 ³
415 3397 492 3449 Num.
512 3399 536 3448 2.

385 3482 397 3516 ⁴
415 3486 474 3538 Vnt.
493 3485 565 3538 addit
584 3485 627 3542 Ad
645 3484 797 3540 Corinthios
817 3488 845 3554 (t.
864 3485 923 3540 Cor.
937 3487 962 3553 9,
976 3485 1044 3556 ωε
1059 3484 1166 3556 aarum
1180 3495 1275 3557 roipert

313 3587 405 3628 meum
424 3577 449 3629 et
466 3573 496 3628 in
513 3575 669 3630 seruitutem
687 3575 789 3646 reliqu.
