2742 4320
306 291 346 337 nn
368 290 411 338 un
434 287 645 337 rnocnssmus.
670 287 841 338 euocassus
864 290 918 337 vu.
1022 271 1084 341 359

123 402 239 483 pinuae
264 396 413 481 mysteria
437 395 567 480 perleoli
591 395 793 481 aliquatenus
816 394 934 474 vident,
957 396 1010 462 alii
1034 415 1088 464 au·

123 509 187 569 tem
210 504 354 570 inuoluta
378 510 505 588 portare
522 502 648 580 debent,
665 501 743 570 dum
760 519 873 569 snmus
889 503 921 568 ln
944 503 1003 569 liar
1025 503 1086 585 via,

123 609 280 678 volamine
304 607 494 695 figurarum.
518 609 605 695 ipsae
629 609 713 675 enim
744 609 1005 694 imaginariarum
1035 610 1085 677 vel

123 716 339 801 corporalium
365 715 523 784 visionum
549 715 680 801 figurae,
698 716 882 784 etiamnum
901 733 996 784 verae
1012 724 1087 784 sunt

123 823 302 891 secundum
327 823 525 909 spiritualem
551 822 804 908 significantiam,
821 839 883 888 non
900 830 974 889 sunt
991 839 1085 890 verae

123 929 303 996 seeundum
339 930 384 996 rei
420 928 633 996 existentiam.
666 928 732 994 Non
765 929 848 995 enim
884 946 995 996 verum
1027 939 1085 1010 est,

123 1033 375 1103 substantialiter
411 1053 480 1102 asse
514 1035 613 1103 boues
650 1035 679 1101 in
712 1035 800 1102 caelo
835 1036 885 1102 vel
918 1036 1025 1103 leones
1056 1042 1088 1104 el

123 1141 249 1226 aquilas
274 1140 322 1207 vel
347 1139 419 1220 alia,
444 1142 573 1227 quaein
599 1141 782 1228 Apocalypsi
804 1148 835 1208 et
858 1141 929 1208 aliis
953 1141 1087 1226 Prophe·

123 1252 231 1312 tarum
249 1244 425 1313 visionibus
441 1245 686 1326 describuntnr;
704 1247 759 1312 sed
785 1245 826 1311 ihi
845 1253 920 1313 sunt
936 1245 1087 1314 caelestes

124 1349 271 1430 virtutes,
290 1369 428 1437 quarum
446 1352 559 1419 merita
576 1352 625 1419 vel
642 1351 746 1419 ollioia
762 1353 896 1420 istarum
911 1353 1086 1420 bestiarum

123 1464 155 1525 et
179 1457 315 1524 aliarum
333 1474 442 1525 rerum
461 1457 709 1544 proprietalibus
725 1458 902 1544 figuraliter
919 1460 1087 1544 designan-

124 1571 188 1631 tur.
225 1563 403 1643 Credimus,
432 1563 594 1630 Christum
630 1563 841 1650 glorificatum
878 1564 1086 1651 corporaliter

123 1687 194 1738 esse
219 1671 250 1736 in
275 1671 363 1736 eaelo
386 1688 444 1738 neo
468 1670 554 1737 ultra
577 1671 753 1738 secundum
779 1672 974 1739 substantiae
1009 1689 1086 1738 suaa

126 1777 291 1844 veritatem
317 1775 402 1844 nasci
428 1776 468 1843 de
484 1777 623 1862 Virgine,
648 1778 755 1844 lactari
782 1778 831 1846 vel
855 1779 930 1863 pati,
949 1777 998 1844 vel
1014 1777 1086 1860 alia,

124 1901 206 1971 quae
229 1884 411 1970 evangeliea
427 1884 519 1952 docet
542 1885 675 1953 historia
699 1903 772 1952 eum
793 1886 914 1963 lenisse,
931 1903 1003 1952 oum
1022 1904 1088 1953 cor-

123 1991 277 2078 poraliter
300 2010 372 2059 oum
391 1992 573 2059 hominibus
597 1993 628 2059 in
653 1999 738 2059 terra
762 1992 1030 2072 eonversabatnr;
1055 1999 1087 2060 et

124 2106 230 2166 umen
255 2098 300 2165 sic
324 2116 418 2186 saepe
442 2099 582 2166 refertor
597 2099 759 2185 aliquibus
775 2098 895 2167 Sanctis
910 2107 943 2168 et
963 2100 1087 2168 devotis
1134 2095 1135 2098 ’

124 2203 312 2290 apparuisse
337 2205 367 2268 in
393 2204 522 2284 visione,
538 2203 588 2270 vel
611 2221 753 2285 nascens,
772 2205 819 2272 vel
838 2206 948 2272 matris
964 2205 1087 2290 gremio

125 2317 301 2388 contentus,
323 2310 372 2377 vel
396 2320 550 2377 extensus
567 2311 598 2375 in
615 2327 721 2388 cruce,
738 2329 798 2377 non
816 2311 901 2396 quod
918 2312 961 2378 ila
978 2329 1087 2379 secun·

125 2415 203 2484 dum
230 2417 393 2483 veritatem
412 2416 518 2495 inerit,
541 2415 597 2484 sed
615 2417 700 2502 quod
719 2417 781 2483 illis
798 2425 927 2503 propter
944 2417 1084 2503 aliquam

124 2523 319 2609 singularem
337 2523 583 2590 consolationem
607 2533 637 2590 et
654 2524 831 2591 devotionis
851 2523 1086 2603 excitationem,

125 2629 174 2697 rol
201 2637 331 2716 propter
354 2629 493 2715 aliquam
518 2630 717 2718 spiritualem
758 2629 1017 2715 significationem
1042 2629 1087 2697 sio

124 2744 303 2824 appareret.
340 2737 464 2803 Scimus
487 2737 582 2816 enim,
605 2738 691 2823 qnod
723 2735 876 2804 Coriolos
906 2753 1087 2822 reserpere

124 2862 165 2909 eu
196 2843 341 2909 mortuis
373 2844 440 2909 ium
465 2861 531 2908 non
555 2844 715 2922 moritur,
739 2851 768 2910 et
791 2861 883 2908 mors
911 2841 962 2908 illi
991 2841 1085 2910 ultro

124 2970 191 3018 nou
214 2949 445 3017 dominabitur
459 2950 483 3029 ¹,
508 2949 553 3017 sio
577 2967 634 3018 neo
657 2950 743 3018 ultra
764 2950 971 3035 corporaliter
996 2950 1088 3017 lanta·

124 3057 212 3125 luitur
236 3057 285 3124 vel
303 3064 461 3124 nascetur.
479 3057 522 3122 lta
546 3066 576 3124 et
601 3057 641 3124 de
664 3057 734 3124 aliis
757 3058 944 3124 Sanctorum
962 3057 1010 3125 uel
1028 3060 1087 3124 ln-

124 3165 269 3251 gelorum
294 3163 548 3250 apparitionibus
571 3172 619 3231 est
643 3164 825 3230 tenendum.
1164 3147 1167 3154 λ

218 3273 246 3336 5.
263 3269 329 3338 Non
349 3269 475 3337 videtur
491 3278 598 3337 aulem
615 3270 897 3356 praetereundum,
914 3270 999 3356 quod
1020 3270 1087 3354 qui-

125 3378 210 3458 dam,
230 3376 353 3463 decepti
371 3397 389 3444 a
410 3377 600 3445 seductoriis
616 3377 791 3463 spiritibus,
808 3376 858 3445 vel
875 3376 1013 3464 propriis
1029 3375 1087 3442 lal-

124 3485 168 3553 sis
191 3481 404 3570 opinionibus,
428 3491 550 3569 putant,
575 3483 633 3550 sibi
659 3499 815 3569 apparere
840 3484 869 3549 in
897 3483 1015 3550 visione
1037 3481 1087 3550 vol

197 3607 304 3663 ¹llom.
324 3608 349 3669 6,
369 3609 393 3660 9.
