2738 4316
273 275 313 322 nn
337 275 561 325 courosrrrona
584 276 712 328 unimus
736 279 930 328 rxrpnronrs.
1042 261 1082 328 19

114 378 228 463 aliquo
253 379 402 460 videaris,
434 382 508 466 quia
542 383 641 449 sancti
677 382 795 469 Angeli,
824 384 881 469 qui
916 384 1082 451 nobiscum

115 495 206 566 sunt,
229 503 359 573 semper
395 487 502 554 vident
535 489 642 555 omnia
675 507 783 576 opera,
821 507 904 576 quae
939 489 1084 569 iacimus,

115 611 258 679 quorum
284 603 433 678 aspectus
457 593 612 662 debemus
635 594 754 682 ubique
772 597 875 662 vereri
892 603 924 664 et
939 614 1085 681 praesen·

117 701 199 764 tiam
225 701 376 766 revereri.
402 700 494 769 Videt
518 719 574 768 nos
608 703 703 768 etiam
729 703 796 788 ipse
822 703 906 770 Deus
929 711 961 769 et
983 703 1084 770 iudex

115 815 241 886 noster,
265 807 319 893 qui
344 814 392 874 est
415 807 535 892 ubique
570 827 720 894 praesens
743 817 904 876 scrutans
927 809 1033 876 cordo
1055 817 1086 876 et

116 932 218 978 renes
232 913 255 992 ¹,
280 913 312 980 id
336 923 385 980 est
401 914 545 982 carnales
561 915 742 983 affectiones
757 922 789 983 et
805 916 1020 1001 cogitationes.
1036 917 1085 986 Vi·

117 1021 177 1086 det
200 1021 294 1087 etiam
320 1038 378 1087 nos
402 1023 471 1108 ipsa
494 1023 683 1089 conscientia
707 1031 826 1103 nostra,
848 1024 936 1091 testis
960 1041 1084 1104 eorum,

117 1145 204 1215 quae
219 1126 372 1206 iacimus,
396 1136 427 1194 et
451 1129 642 1196 accusatrix.
660 1131 719 1214 Qui
744 1139 850 1196 aulam
876 1131 977 1215 magis
997 1148 1085 1198 vere·

117 1242 177 1300 tur
200 1234 366 1300 hominurn
391 1242 539 1319 aspectus
570 1253 665 1321 quam
703 1235 757 1302 Dei
783 1243 814 1302 at
838 1237 1029 1321 Angelorum
1053 1245 1085 1304 et

116 1342 271 1426 propriae
306 1342 515 1408 conscientiae
550 1360 610 1407 non
643 1349 690 1408 est
714 1349 821 1409 castus
853 1352 975 1409 amator
1000 1343 1084 1420 boni,

104 1446 282 1532 -quianon
308 1446 445 1514 declinat
469 1447 587 1513 malum
613 1465 655 1514 ex
686 1466 797 1514 amore
829 1449 895 1514 reri
921 1448 1004 1527 boni,
1028 1448 1084 1516 sed

40 1629 45 1634 ,
117 1571 163 1619 ex
189 1553 303 1620 timore
327 1553 509 1621 detrimenti
535 1552 717 1638 temporalis
754 1555 901 1634 bonoris;
927 1553 997 1622 talis
1022 1573 1085 1621 non

49 1703 52 1707 -
119 1667 171 1727 est
196 1679 292 1727 verus
316 1661 433 1727 Christi
458 1680 582 1741 servm,
606 1663 660 1746 qui
694 1662 800 1729 adbuc
825 1663 925 1746 magis
961 1661 1086 1747 placere

119 1766 213 1852 cupit
236 1766 421 1833 hominibus
437 1786 532 1852 quam
551 1768 633 1847 lle03
650 1769 735 1834 unde
752 1766 957 1854 Apostolus¹:
977 1767 1015 1834 Si
1029 1767 1087 1836 od

118 1871 187 1939 buc
206 1870 395 1940 dominibus
409 1873 586 1959 placerent,
606 1872 732 1940 Christi
746 1893 864 1940 ceruus
886 1895 953 1942 non
973 1895 1085 1942 essem.

118 1977 179 2043 Cui
216 1979 300 2045 enim
336 1980 409 2064 plus
440 1980 529 2046 doles
564 1980 743 2066 displicere,
775 1981 820 2047 illi
854 1981 927 2069 plus
957 1983 1086 2050 allectas

121 2085 262 2172 placere.
280 2086 382 2154 Nemo
399 2095 504 2154 autem
522 2097 626 2172 potest
641 2088 770 2156 duobus
788 2090 934 2156 dominis
949 2090 1085 2158 sarona

470 2299 654 2367 Carnutum
677 2301 739 2371 XV.

154 2515 201 2580 De
224 2512 405 2598 disciplina
429 2512 515 2580 inter
539 2514 680 2580 Fratres
703 2513 849 2581 exterius
872 2517 1051 2583 servando.

216 2729 244 2792 l.
270 2727 302 2792 ln
328 2726 543 2792 exterioribus
571 2727 715 2794 moribus
744 2725 826 2793 inter
854 2727 979 2794 Fratres
1005 2728 1088 2795 babe

123 2842 154 2901 te
179 2834 367 2918 gratiosum,
403 2833 622 2903 verecundum
646 2842 677 2900 et
700 2833 844 2901 modeste
867 2833 1025 2901 affabilem
1057 2841 1089 2901 et

123 2939 262 3006 dulciter
299 2940 469 3019 seriosum,
492 2946 529 3005 ut
563 2949 594 3006 et
625 2938 825 3026 disciplinam
857 2955 1027 3005 conserves
1058 2945 1090 3006 et

126 3053 233 3112 tamen
258 3062 301 3112 ex
324 3047 511 3113 austeritate
533 3063 595 3111 non
631 3047 675 3112 sis
708 3063 863 3113 onerosus
899 3044 979 3112 aliis.
1004 3045 1089 3113 locos

126 3151 300 3219 dissolutos
332 3169 496 3238 nunquam
527 3168 690 3232 exerceas,
729 3170 787 3219 nec
812 3150 910 3218 verba
941 3151 1089 3218 scurrilia

128 3258 242 3325 alicubi
268 3257 413 3344 proferas
436 3275 494 3325 nec
516 3258 652 3325 libenter
674 3260 804 3338 audias;
821 3259 906 3343 quod
930 3259 1015 3325 enim
1037 3260 1090 3327 de·

128 3364 221 3432 lactat
248 3365 371 3442 audire,
408 3365 433 3431 si
470 3365 617 3470 auderes,
649 3365 716 3451 ipse
748 3365 884 3433 libenter
920 3368 1089 3453 proferres.

197 3503 207 3536 ¹
227 3508 309 3573 Apoo.
328 3507 354 3574 2,
374 3507 417 3559 23.

152 3589 154 3591 ’
197 3592 208 3627 ²
226 3595 282 3648 Gal.
303 3596 314 3648 l
321 3637 327 3662 ‚
349 3595 391 3647 lo.
408 3623 438 3633 -
453 3595 552 3648 Deinde
564 3598 683 3664 sequitur
695 3596 783 3650 llattb.
802 3597 827 3664 6,
847 3597 896 3662 243
915 3598 975 3651 Luc.
991 3598 1032 3664 lo,
1047 3599 1058 3651 l
1065 3601 1092 3652 3.
