2776 4316
298 230 364 297 310
656 249 744 297 umen
767 250 904 297 onorius.

389 358 418 422 5.
445 354 573 438 Quibus
596 363 703 422 autem
721 362 807 422 tanta
823 355 978 422 beneficia
994 361 1133 440 praestet
1153 361 1252 422 tantm

297 462 462 542 Dominus,
486 463 516 528 in
541 470 692 549 promptu
717 470 811 548 patet.
835 462 917 548 Quid
942 463 1027 530 enim
1053 481 1164 531 somus
1198 463 1251 530 uisi

298 569 406 656 putris
428 577 461 638 et
482 569 590 650 fimus,
615 570 734 648 miseri,
757 571 878 655 inopes,
898 569 1016 655 repleti
1039 569 1153 636 modis
1168 568 1254 636 mite·

297 675 363 742 ric's
375 675 397 755 ¹,
414 675 552 762 expositi
568 675 717 743 omnibus
733 676 885 762 periculis
900 684 933 743 et
950 693 1031 762 pene
1059 675 1148 744 nihii.
1164 675 1255 754 Adde

297 782 384 868 quod
419 800 491 850 cum
529 782 589 850 ista
622 782 742 850 vilitate
783 783 848 850 Deo
881 784 1088 869 omnipotenti
1125 782 1255 851 rebettes

298 906 411 957 sumus
434 897 464 956 et
493 906 552 974 pro
586 889 754 956 dilectione
787 897 820 960 et
853 889 1017 959 beneficiis
1041 891 1208 959 reddimus
1230 889 1254 954 ei

296 997 505 1064 contumelias
528 1004 560 1064 et
594 1004 823 1082 contemptum,
847 997 1075 1078 inobedientes,
1104 997 1257 1083 negligere

297 1112 356 1184 tes
390 1105 503 1188 ingrati
539 1111 570 1170 et
597 1103 682 1171 etati.
716 1104 841 1189 Quanta
871 1121 948 1190 ergo
973 1104 1074 1190 pietas
1108 1103 1165 1171 Dei
1198 1102 1257 1170 iilis

298 1219 385 1278 tanto
409 1211 524 1278 affectu
548 1219 579 1278 et
602 1211 709 1280 studio
732 1211 778 1279 sic
802 1211 998 1289 benefacere,
1025 1211 1080 1298 qui
1108 1210 1256 1280 beneficia

297 1319 368 1386 eius
390 1335 449 1385 neo
472 1335 645 1402 agnoscere
668 1336 726 1385 nec
757 1335 948 1386 conservare
976 1336 1036 1386 nec
1060 1317 1258 1405 regratiando

297 1423 392 1508 digne
415 1424 558 1509 recipere
592 1425 746 1492 student?
769 1424 957 1492 Beneiacere
994 1425 1190 1511 promerenti
1216 1424 1256 1490 iu·

298 1537 384 1598 stum
408 1538 474 1608 est;
498 1529 684 1598 benefacere
707 1530 785 1598 nihil
820 1533 965 1611 merenti,
989 1533 1047 1600 sed
1072 1539 1179 1600 tamen
1202 1531 1256 1597 hu·

298 1635 416 1702 miiiter
440 1635 570 1721 petenti,
593 1637 682 1720 pium
699 1644 761 1716 est;
779 1635 965 1704 benefacere
981 1654 1040 1706 nec
1067 1633 1255 1724 promerenti

298 1759 356 1808 uec
379 1741 573 1809 desideranti
611 1743 711 1832 magis
745 1742 834 1828 pium
859 1751 925 1822 est;
950 1743 1131 1828 piissimum
1154 1751 1253 1810 autem

297 1853 329 1914 et
353 1845 412 1914 nisi
436 1845 534 1914 divini
570 1847 676 1914 cordis
699 1854 747 1914 est
770 1847 956 1915 oenetaoere
990 1848 1201 1918 contemnenti
1227 1853 1255 1912 et

297 1951 491 2032 adversanti,
525 1959 557 2020 et
591 1953 651 2020 hoc
688 1952 741 2018 viii
775 1961 806 2020 et
841 1971 936 2020 serro
970 1956 1102 2040 proprio
1136 1963 1168 2022 et
1199 1950 1254 2038 fig·

297 2066 405 2126 mento
427 2078 490 2126 stro
504 2058 526 2124 ¹.
571 2125 575 2132 ,
943 2062 946 2067 ’

388 2167 418 2233 6.
443 2165 626 2234 Gratiarum
649 2167 731 2233 actio
755 2175 914 2245 oreretur,
940 2169 1022 2234 bona
1044 2177 1176 2256 accepta
1190 2181 1253 2234 coo·

298 2273 420 2340 servari
444 2282 476 2340 et
499 2273 609 2358 augeri
634 2273 728 2340 etad
755 2273 907 2341 maiorem
926 2274 1102 2360 protectum
1120 2269 1252 2344 conserti

297 2389 330 2448 et
352 2380 507 2448 maiorem
531 2379 671 2446 fructum
704 2379 779 2448 inde
814 2382 1000 2466 provenire;
1026 2381 1116 2449 verbi
1150 2377 1253 2468 gratia,

297 2487 352 2574 qui
377 2487 460 2554 dono
483 2485 656 2572 sapientiae
679 2495 790 2571 gratus
814 2487 920 2567 fuerit,
943 2486 1029 2572 qtrod
1046 2487 1169 2574 accepit
1188 2501 1254 2554 coo-

298 2600 446 2662 servatur
469 2593 500 2660 io
524 2612 573 2673 eo,
598 2611 637 2660 ne
660 2594 795 2680 perdat3
819 2602 967 2680 augetur,
990 2603 1027 2661 ut
1049 2593 1124 2681 plus
1141 2603 1173 2662 et
1188 2591 1253 2680 pios

298 2700 409 2786 sapiat,
425 2708 457 2767 et
477 2708 513 2766 ut
536 2699 637 2766 maior
654 2698 727 2768 iude
745 2699 864 2768 utilitas
881 2700 1048 2786 proveniat
1062 2707 1127 2768 tam
1146 2700 1178 2768 in
1194 2713 1253 2784 pro

298 2807 368 2893 prio
398 2807 511 2876 merito
534 2825 631 2894 quiam
656 2807 687 2872 in
711 2806 849 2874 aliorum
872 2806 1102 2876 aedificatione.
1128 2807 1252 2876 Econtra

298 2914 494 3002 ingratitudo
511 2923 653 2982 meretur
669 2913 815 2982 amittere
835 2933 918 3002 quae
933 2915 1040 2996 hauet,
1056 2932 1115 2982 nec
1131 2915 1194 2982 aiia
1208 2927 1251 2978 ac·

297 3021 414 3109 cipere,
438 3028 575 3108 atquae
599 3021 712 3088 retinet
744 3020 940 3088 infructuose
975 3026 1084 3090 tenme
1111 3029 1145 3090 et
1180 3022 1253 3090 trau

297 3125 368 3193 dari
393 3127 589 3213 praeminet
621 3127 725 3193 maius
755 3125 947 3211 supplicium
980 3127 1096 3196 mereri
1122 3145 1184 3216 pro
1205 3143 1251 3194 ue

297 3231 449 3320 gligentia
472 3241 503 3300 et
526 3241 719 3319 contemptu.
746 3231 811 3299 Cui
829 3231 908 3318 ptus
931 3232 1092 3300 donatum
1108 3243 1168 3314 est,
1181 3231 1251 3320 ptos

297 3347 463 3426 repetetur
485 3337 528 3406 od
552 3358 588 3406 eo
601 3338 623 3405 ⁸.
648 3339 693 3407 Ex
718 3338 889 3425 semetipso
911 3346 1014 3425 potest
1036 3340 1174 3428 quisque
1191 3355 1251 3427 per-

369 3480 379 3513 ¹
398 3482 444 3536 tot>
465 3482 507 3547 tt,
528 3485 552 3536 t.
848 3479 935 3536 'isai
956 3483 999 3550 29,
1021 3483 1063 3536 ts.

368 3571 380 3608 ³
400 3573 462 3626 tuc.
484 3573 526 3640 tt,
549 3572 597 3626 tt:
616 3571 665 3627 Cui
684 3572 795 3626 multum
816 3571 906 3625 datum
925 3576 975 3626 eto.
