2776 4316
317 250 357 296 DE
383 251 423 298 vti
446 251 659 301 edocesstttus·
683 251 855 304 Pnocusstts
877 255 929 302 vu.
1037 234 1101 302 309

231 355 262 421 3.
286 355 365 424 Haeo
387 357 495 423 omnia
519 357 548 424 in
582 357 699 427 divinis
723 358 884 426 beneficiis
906 357 1108 428 excelientis·

133 463 220 530 sime
243 463 432 548 reperimus.
459 465 526 550 lpse
550 465 650 532 dator
672 475 721 534 est
743 467 896 534 Summus
912 467 1055 534 omnium
1072 475 1105 534 at

135 571 322 638 immensos
344 571 531 659 dipoitotis,
552 591 652 660 aquo
669 589 820 660 magnum
836 582 899 655 est,
911 575 936 642 si
954 574 1106 661 dignetur

133 677 236 744 etiam
261 679 400 770 rogitare
423 679 463 746 do
487 680 587 746 nobis.
611 681 779 748 -Tanto
810 681 904 748 etiam
929 677 1050 767 offecto
1073 687 1106 748 et

137 783 362 851 benevolentia
396 786 451 852 dat
496 785 647 861 beneficia
689 803 749 854 sua
784 787 914 867 homini,
945 787 1042 874 quod,
1077 787 1104 856 si

135 891 236 959 etiam
262 891 385 958 modica
408 892 509 970 daret,
534 901 696 977 gratanter
718 902 824 963 essent
841 894 1037 983 reeipienda;
1053 911 1107 961 oa-

135 998 229 1065 ritos
241 999 325 1066 enim
338 999 407 1066 eius
418 1000 640 1086 supereminet
655 1001 748 1067 omni
760 1001 918 1068 scientiae
928 1002 948 1078 ¹,
963 1000 1006 1067 ita
1020 999 1105 1087 quod

136 1122 159 1171 a
183 1103 273 1171 nuilo
296 1121 393 1172 sensu
416 1113 520 1190 potest
542 1107 714 1174 aestimari.

129 1260 134 1266 .
230 1212 262 1277 [ι.
286 1211 356 1298 ipsa
380 1210 537 1296 beneficio
552 1215 632 1292 eius,
648 1213 767 1299 quibus
790 1213 931 1280 innubis
952 1219 1106 1298 operatur

138 1318 290 1397 satutem,
315 1327 379 1385 tam
400 1319 552 1404 pretioso
576 1329 660 1400 sunt,
685 1320 772 1406 quod
796 1320 885 1387 nuiio
910 1321 1012 1407 pretio
1028 1326 1105 1387 sunt

137 1423 307 1511 condigna.
333 1425 417 1510 Quid
441 1427 525 1494 enim
549 1433 653 1513 potest
676 1427 869 1512 condignum
894 1427 1014 1513 gratiae
1038 1443 1108 1494 san·

137 1531 180 1600 oti
206 1532 345 1618 Spiritus
368 1534 555 1618 excogitari,
579 1548 675 1620 qnam
702 1535 757 1601 dat
779 1533 929 1602 fidelibus
953 1535 1030 1613 suis,
1054 1533 1106 1601 rei

138 1639 267 1724 corpori
291 1639 406 1706 Christi
431 1647 462 1707 et
486 1641 631 1724 sangnini
656 1647 688 1708 et
711 1640 831 1726 gloriae
855 1638 993 1718 caelesti,
1018 1656 1108 1725 prae-

139 1753 190 1812 ter
213 1745 276 1811 alia
300 1747 421 1832 absque
443 1747 662 1816 aestimatione
685 1757 717 1816 et
740 1764 885 1826 numero,
910 1763 993 1832 qtrae
1009 1746 1050 1813 ab
1066 1763 1104 1813 eo

139 1854 360 1938 percipimus?
385 1891 427 1904 -
451 1856 575 1940 Quanta
598 1855 730 1922 utititas
753 1855 844 1920 nobis
868 1871 909 1921 ex
935 1854 986 1921 bis
1015 1853 1107 1921 donis

140 1961 318 2040 proveniat,
346 1970 457 2046 penset
492 1964 547 2047 qui
583 1962 683 2028 vaiet:
716 1961 898 2031 iustificatio
921 1979 940 2026 a
964 1968 1104 2048 peccato,

140 2067 244 2152 gratia
269 2067 453 2146 sanctitatis,
477 2069 605 2154 adoptio
629 2068 769 2134 fitiorum
788 2067 852 2148 Dei,
869 2067 1042 2135 consolatio
1059 2068 1107 2134 in·

142 2181 243 2252 terna,
268 2172 409 2240 detensio
432 2192 451 2238 a
474 2173 635 2259 parientis,
652 2175 846 2241 consortium
866 2174 1057 2261 Angelorum
1074 2180 1106 2240 et

141 2279 306 2346 beatitudo
330 2280 473 2364 corporis
496 2287 528 2347 et
562 2281 686 2348 animae
721 2299 762 2349 ex
787 2282 918 2350 visionis
948 2282 1003 2348 Dei
1029 2282 1105 2349 trui-

141 2386 236 2452 tione.
263 2387 341 2454 istae
361 2396 393 2454 et
410 2387 490 2454 aliae
514 2394 588 2454 sunt
604 2387 756 2454 utilitates
777 2387 1005 2456 beneficiorum
1029 2387 1084 2454 Dei
1096 2413 1106 2468 ;

140 2493 172 2560 in
198 2493 248 2560 bis
271 2494 376 2561 omnis
400 2493 533 2562 felicitas
557 2494 710 2562 consistit.
727 2529 770 2542 -
789 2496 898 2576 Quem
921 2513 1020 2580 saepe
1045 2495 1105 2562 ista

141 2599 233 2668 nobis
256 2601 407 2680 conterat,
430 2601 568 2668 attende.
594 2600 723 2687 Quoties
746 2601 829 2667 enim
856 2601 1023 2688 perdimus
1048 2619 1105 2689 per

142 2715 308 2792 peecatum
332 2708 467 2794 gratiam
491 2707 557 2787 Dei,
582 2708 674 2776 toties
698 2708 803 2776 reddit
820 2707 911 2775 nobis
932 2707 1106 2787 offerendo,

141 2815 168 2881 si
194 2814 344 2881 volumus
367 2815 518 2902 recipere.
543 2815 630 2894 item,
654 2815 779 2900 qttoties
813 2815 978 2883 abutimur
1013 2815 1106 2884 donis

139 2921 222 2998 eius,
247 2919 300 2986 vei
321 2919 514 3004 negiigentes
538 2936 652 2988 sunaus
676 2920 707 2986 in
739 2921 810 2987 eius
834 2921 964 2988 servitio
988 2920 1038 2987 voi
1062 2920 1106 2986 in·

140 3025 222 3112 grati
258 3025 309 3092 vei
344 3026 417 3092 etati
453 3027 493 3092 de
528 3026 620 3093 donis
651 3027 731 3106 eius,
764 3026 856 3093 toties
880 3042 1043 3094 meremur
1068 3043 1106 3094 ea
1193 3055 1196 3061 ·

139 3135 298 3214 amittere,
322 3134 389 3202 sire
404 3133 476 3202 sint
499 3134 678 3219 spiritualia
713 3134 806 3215 dona,
834 3134 903 3201 sire
926 3133 1104 3220 corporalia

140 3241 190 3309 vei
217 3241 420 3328 temporatia;
444 3248 476 3309 et
499 3242 624 3328 quoties
647 3257 709 3308 non
733 3240 849 3321 autem,
873 3259 947 3308 oum
964 3242 1107 3309 demere·

141 3365 228 3430 mur,
252 3349 345 3416 toties
369 3349 433 3416 dat.

214 3577 224 3608 ²
244 3578 310 3644 upn.
329 3579 354 3646 a,
376 3579 416 3632 to.
