2792 4318
297 231 339 297 68
507 217 510 221 “
635 250 725 299 monn
749 249 921 300 sncnnnns.

295 355 424 444 dicetis,
447 365 486 424 ut
507 377 565 423 vos
589 357 788 437 doceamini,
812 377 898 446 qooe
912 358 981 424 sint
995 356 1154 424 eterneoto
1171 376 1267 424 cnor-

296 463 346 530 dic'
367 482 559 530 sermonum
578 464 648 543 liei,
666 464 697 531 id
715 473 773 544 est,
791 482 919 532 necesse
936 463 1060 530 bebetis
1075 463 1187 531 doceri
1209 465 1266 531 sie-

296 577 331 638 ut
355 571 454 637 rudes
477 571 597 651 novitii,
621 571 781 657 quomodo
798 571 1014 655 incipiendum
1037 578 1123 638 esset
1138 570 1265 638 servire

296 677 379 756 lle03
403 685 434 743 et
454 673 542 763 facti
564 678 641 744 estis
665 677 787 765 quibos
810 677 893 744 torte
921 695 1006 762 opos
1035 676 1090 755 sit,
1114 695 1184 742 mm
1215 695 1265 742 so

297 782 365 850 licto
381 781 465 862 citro,
479 783 511 850 id
528 792 586 864 est,
601 784 679 851 tales
695 783 781 863 estis,
793 783 847 869 qui
865 782 1017 850 mollibus
1032 783 1265 852 blandimentis

298 890 471 976 puerilium
496 891 748 959 consolationum
764 897 795 958 et
811 889 987 958 carnalium
1004 889 1104 957 foveri
1123 890 1264 975 indigea-

296 996 337 1064 tis
360 1005 392 1064 et
414 996 509 1064 fortia
536 998 691 1064 virtutum
715 996 870 1064 exercitio
894 997 958 1081 pati
983 1015 1045 1063 non
1071 995 1205 1062 valeatis
1230 995 1263 1062 in

296 1104 388 1171 duris
412 1103 724 1188 reprehensionibus,
742 1102 778 1169 io
794 1102 1013 1181 contumeliis,
1030 1101 1067 1170 io
1085 1101 1263 1169 necessita·

297 1209 396 1287 tibus,
413 1210 449 1275 io
463 1208 749 1295 persecutionibus
769 1229 833 1294 pro
857 1207 998 1277 Christo.
1017 1209 1134 1276 Omm's
1158 1209 1262 1286 enim,

296 1317 356 1404 qni
378 1316 474 1384 lootis
497 1325 545 1382 est
563 1316 744 1402 particeps,
768 1335 887 1403 corpere
909 1325 956 1382 est
978 1315 1143 1382 sermonis
1167 1315 1264 1382 losti-

297 1423 383 1502 tioe,·
413 1422 584 1509 poroolecs
614 1423 702 1489 mim
738 1432 786 1489 est
809 1433 873 1490 tam
908 1422 1031 1490 meritis
1065 1440 1163 1509 quam
1200 1423 1262 1489 rir-

295 1537 373 1598 tute.

386 1635 416 1704 3.
440 1636 623 1704 Secundum
648 1644 749 1716 esta
778 1655 843 1723 qno
874 1636 1028 1723 incipiens
1059 1636 1155 1704 debet
1188 1653 1263 1704 esse

296 1751 419 1824 cautus,
446 1762 485 1811 ne
508 1750 677 1810 moveatur
701 1743 793 1812 malis
815 1744 975 1831 exemplis
1002 1744 1183 1829 tepidorum
1219 1743 1263 1810 ed

296 1851 486 1919 imitandum
511 1869 559 1931 oa,
576 1851 659 1919 sient
674 1851 804 1937 qtridam
823 1850 940 1917 infirmi
958 1851 1083 1936 spiritu,
1106 1850 1263 1931 videntes

295 1959 375 2024 alios
396 1958 483 2044 apud
507 1975 542 2024 se
565 1975 635 2026 esse
652 1958 779 2026 desides
803 1959 834 2024 in
858 1957 989 2024 servitio
1006 1956 1072 2038 Dei,
1095 1956 1215 2024 otiosos
1231 1963 1264 2023 et
1379 2005 1380 2010 ,

296 2065 458 2144 verbosos,
482 2063 581 2131 elatos
605 2072 636 2132 et
659 2064 805 2143 rebelles,
822 2064 1007 2131 ambitiosos
1022 2071 1053 2130 et
1069 2063 1139 2129 aliis
1157 2063 1263 2130 modis

296 2170 436 2250 vitiosos,
459 2170 570 2237 dicunt
593 2169 680 2256 epod
705 2169 909 2254 semetipsos:
935 2169 965 2234 Si
990 2169 1061 2235 aliis
1085 2170 1145 2235 boc
1177 2168 1263 2246 lieet,

295 2293 396 2362 qnare
409 2294 472 2342 noo
488 2276 583 2344 etism
602 2275 704 2342 miblt
721 2276 756 2342 n
771 2276 937 2362 proniores
953 2275 993 2342 ad
1013 2274 1132 2342 melum
1150 2293 1265 2342 exem-

296 2383 384 2469 plum
409 2391 542 2450 sumunt
565 2383 605 2450 de
629 2383 689 2461 bis,
713 2400 793 2468 quos
809 2383 985 2450 deteriores
1001 2382 1119 2461 vident,
1135 2390 1167 2450 et
1183 2401 1264 2467 gan-

296 2489 382 2570 dent,
406 2507 441 2558 so
465 2491 567 2558 socios
592 2489 749 2557 invenisse
782 2490 944 2569 vitiorum,
976 2506 1015 2556 ne
1047 2488 1105 2556 soli
1138 2488 1264 2574 possint
1377 2567 1378 2572 η

294 2596 497 2676 erubescere,
520 2595 606 2681 qnia,
630 2595 654 2662 si
681 2595 824 2680 parcitur
847 2595 928 2674 aliis,
955 2595 1064 2662 volunt
1087 2601 1119 2662 et
1141 2593 1203 2662 sibi
1230 2595 1262 2660 in
1377 2609 1378 2614 ’

296 2703 454 2770 similibus
472 2702 569 2788 parci.
592 2701 708 2768 Contra
731 2702 791 2770 boe
815 2703 951 2769 devotus
967 2701 1021 2767 Dei
1040 2718 1154 2768 servus
1169 2700 1260 2787 apud

296 2829 330 2879 se
354 2810 548 2898 respondere
572 2808 682 2878 debet:
710 2809 772 2894 Ego
796 2809 866 2876 roni
893 2826 974 2895 pnro
999 2827 1057 2894 pro
1088 2808 1164 2887 Deo,
1197 2825 1262 2875 non

295 2937 354 3004 pro
377 2917 486 3003 atiquo
508 2917 588 2995 alio;
612 2916 684 2984 ideo
707 2916 780 2983 nolo
803 2915 942 3001 aliquem
959 2915 1049 3001 sequi
1070 2913 1110 2981 ad
1136 2914 1209 2994 boc,
1226 2921 1264 2982 nt

295 3024 403 3092 alteo
428 3024 635 3104 rotensolen,
659 3023 744 3110 quia,
776 3023 801 3090 si
837 3022 922 3089 solos
946 3021 998 3089 bic
1021 3020 1168 3107 dyscolos
1204 3021 1265 3088 sci·

295 3131 424 3212 iissem,
447 3147 611 3217 nunqnam
635 3147 746 3197 eornm
771 3128 953 3196 societatem
970 3127 1148 3212 elegissem.
1172 3126 1263 3196 Unde

295 3239 379 3308 solos
402 3239 474 3308 illos
495 3237 612 3306 imitari
637 3236 747 3316 debeo,
771 3235 825 3322 qni
850 3236 890 3303 atl
916 3236 975 3304 boo
1000 3235 1174 3302 inlormant
1198 3252 1262 3315 me,

295 3347 534 3435 propterquod
560 3344 752 3428 Religionem
776 3343 904 3421 intravi,
928 3342 961 3410 id
992 3349 1050 3422 est,
1081 3349 1117 3408 nt
1147 3359 1263 3428 oppre-

296 3454 433 3522 bendam
457 3454 557 3520 Deum
582 3460 614 3519 et
637 3449 829 3518 sotislaoiam
852 3450 882 3518 ei
906 3449 946 3518 de
969 3449 1107 3535 peccatis
1132 3449 1213 3516 meis
1229 3457 1262 3516 et
1375 3427 1376 3486 l

294 3575 479 3647 promerear
503 3557 636 3642 gloriam
669 3557 907 3644 sempiternam.
932 3555 1034 3622 Pictor
1068 3563 1100 3624 et
1129 3553 1260 3635 artilex,
