<?xml version="1.0" encoding="UTF-8"?>
<!DOCTYPE html PUBLIC "-//W3C//DTD XHTML 1.0 Transitional//EN"
    "http://www.w3.org/TR/xhtml1/DTD/xhtml1-transitional.dtd">
<html xmlns="http://www.w3.org/1999/xhtml" xml:lang="en" lang="en">
 <head>
  <title>
</title>
<meta http-equiv="Content-Type" content="text/html;charset=utf-8" />
  <meta name='ocr-system' content='tesseract 3.04.00' />
  <meta name='ocr-capabilities' content='ocr_page ocr_carea ocr_par ocr_line ocrx_word'/>
</head>
<body>
  <div class='ocr_page' id='page_1' title='image "./deexterioriseti00davigoog_0308.png"; bbox 0 0 2776 4316; ppageno 0'>
   <div class='ocr_carea' id='block_1_1' title="bbox 312 227 1091 294">
    <p class='ocr_par' dir='ltr' id='par_1_1' title="bbox 312 227 1091 294">
     <span class='ocr_line' id='line_1_1' title="bbox 312 227 1091 294; baseline 0.001 -1"><span class='ocrx_word' id='word_1_1' title='bbox 312 246 351 293; x_wconf 83' lang='lat' dir='ltr'>DE</span> <span class='ocrx_word' id='word_1_2' title='bbox 374 246 416 292; x_wconf 90' lang='lat' dir='ltr'>Vll</span> <span class='ocrx_word' id='word_1_3' title='bbox 440 246 651 293; x_wconf 79' lang='lat' dir='ltr'>PnocusslutJS.</span> <span class='ocrx_word' id='word_1_4' title='bbox 677 245 848 293; x_wconf 79' lang='lat' dir='ltr'>PROCESSUS</span> <span class='ocrx_word' id='word_1_5' title='bbox 872 246 912 292; x_wconf 85' lang='lat' dir='ltr'>vt.</span> <span class='ocrx_word' id='word_1_6' title='bbox 1026 227 1091 294; x_wconf 62' lang='lat'>263</span> 
     </span>
    </p>
   </div>
   <div class='ocr_carea' id='block_1_2' title="bbox 129 351 1101 3423">
    <p class='ocr_par' dir='ltr' id='par_1_2' title="bbox 129 351 1097 1163">
     <span class='ocr_line' id='line_1_2' title="bbox 129 351 1094 437; baseline 0 -19"><span class='ocrx_word' id='word_1_7' title='bbox 129 353 385 420; x_wconf 86' lang='lat' dir='ltr'>subiiciendoso</span> <span class='ocrx_word' id='word_1_8' title='bbox 410 351 528 417; x_wconf 87' lang='lat' dir='ltr'>lromini</span> <span class='ocrx_word' id='word_1_9' title='bbox 556 361 684 437; x_wconf 89' lang='lat' dir='ltr'>propter</span> <span class='ocrx_word' id='word_1_10' title='bbox 710 353 821 431; x_wconf 73' lang='lat' dir='ltr'>Derim,</span> <span class='ocrx_word' id='word_1_11' title='bbox 846 361 876 416; x_wconf 91' lang='lat' dir='ltr'>et</span> <span class='ocrx_word' id='word_1_12' title='bbox 901 352 944 418; x_wconf 89' lang='lat' dir='ltr'>ita</span> <span class='ocrx_word' id='word_1_13' title='bbox 961 370 1017 437; x_wconf 93' lang='lat' dir='ltr'>per</span> <span class='ocrx_word' id='word_1_14' title='bbox 1036 352 1094 418; x_wconf 85' lang='lat' dir='ltr'>lru-</span> 
     </span>
     <span class='ocr_line' id='line_1_3' title="bbox 130 458 1097 544; baseline 0 -20"><span class='ocrx_word' id='word_1_15' title='bbox 130 459 274 524; x_wconf 90' lang='lat' dir='ltr'>militatis</span> <span class='ocrx_word' id='word_1_16' title='bbox 299 459 448 524; x_wconf 88' lang='lat' dir='ltr'>meritum</span> <span class='ocrx_word' id='word_1_17' title='bbox 473 459 606 544; x_wconf 75' lang='lat' dir='ltr'>gratiam</span> <span class='ocrx_word' id='word_1_18' title='bbox 634 459 687 525; x_wconf 86' lang='lat' dir='ltr'>Dei</span> <span class='ocrx_word' id='word_1_19' title='bbox 714 467 891 543; x_wconf 79' lang='lat' dir='ltr'>recuperet,</span> <span class='ocrx_word' id='word_1_20' title='bbox 907 475 1003 544; x_wconf 85' lang='lat' dir='ltr'>quam</span> <span class='ocrx_word' id='word_1_21' title='bbox 1021 458 1097 524; x_wconf 90' lang='lat' dir='ltr'>ami·</span> 
     </span>
     <span class='ocr_line' id='line_1_4' title="bbox 130 565 1093 650; baseline -0.002 -18"><span class='ocrx_word' id='word_1_22' title='bbox 130 567 181 632; x_wconf 86' lang='lat' dir='ltr'>sit.</span> <span class='ocrx_word' id='word_1_23' title='bbox 207 566 330 649; x_wconf 84' lang='lat' dir='ltr'>Quanto</span> <span class='ocrx_word' id='word_1_24' title='bbox 354 566 467 631; x_wconf 81' lang='lat' dir='ltr'>molor</span> <span class='ocrx_word' id='word_1_25' title='bbox 502 573 607 632; x_wconf 88' lang='lat' dir='ltr'>autem</span> <span class='ocrx_word' id='word_1_26' title='bbox 640 576 671 631; x_wconf 93' lang='lat' dir='ltr'>et</span> <span class='ocrx_word' id='word_1_27' title='bbox 694 565 816 650; x_wconf 82' lang='lat' dir='ltr'>purior</span> <span class='ocrx_word' id='word_1_28' title='bbox 840 577 872 631; x_wconf 90' lang='lat' dir='ltr'>et</span> <span class='ocrx_word' id='word_1_29' title='bbox 905 565 1093 650; x_wconf 83' lang='lat' dir='ltr'>promptior·</span> 
     </span>
     <span class='ocr_line' id='line_1_5' title="bbox 129 671 1096 756; baseline 0.001 -19"><span class='ocrx_word' id='word_1_30' title='bbox 129 673 227 738; x_wconf 91' lang='lat' dir='ltr'>luerit</span> <span class='ocrx_word' id='word_1_31' title='bbox 251 671 440 750; x_wconf 78' lang='lat' dir='ltr'><strong>humiliatio,</strong></span> <span class='ocrx_word' id='word_1_32' title='bbox 466 679 551 736; x_wconf 88' lang='lat' dir='ltr'>tanto</span> <span class='ocrx_word' id='word_1_33' title='bbox 577 671 698 756; x_wconf 80' lang='lat' dir='ltr'>plenior</span> <span class='ocrx_word' id='word_1_34' title='bbox 733 672 793 737; x_wconf 89' lang='lat' dir='ltr'>erit</span> <span class='ocrx_word' id='word_1_35' title='bbox 818 671 938 755; x_wconf 80' lang='lat' dir='ltr'>gratiae</span> <span class='ocrx_word' id='word_1_36' title='bbox 964 688 1096 756; x_wconf 90' lang='lat' dir='ltr'>recupe-</span> 
     </span>
     <span class='ocr_line' id='line_1_6' title="bbox 132 777 1097 865; baseline -0.002 -22"><span class='ocrx_word' id='word_1_37' title='bbox 132 779 214 844; x_wconf 84' lang='lat' dir='ltr'><strong>ratio</strong></span> <span class='ocrx_word' id='word_1_38' title='bbox 237 788 269 844; x_wconf 88' lang='lat' dir='ltr'>et</span> <span class='ocrx_word' id='word_1_39' title='bbox 292 778 411 862; x_wconf 81' lang='lat' dir='ltr'>gloriae</span> <span class='ocrx_word' id='word_1_40' title='bbox 436 779 661 845; x_wconf 84' lang='lat' dir='ltr'>remuneratio.</span> <span class='ocrx_word' id='word_1_41' title='bbox 686 778 879 865; x_wconf 80' lang='lat' dir='ltr'>Mopm&#39;todo</span> <span class='ocrx_word' id='word_1_42' title='bbox 906 777 1097 843; x_wconf 86' lang='lat' dir='ltr'>humiliatio·</span> 
     </span>
     <span class='ocr_line' id='line_1_7' title="bbox 130 884 1096 969; baseline -0.001 -19"><span class='ocrx_word' id='word_1_43' title='bbox 130 886 181 951; x_wconf 89' lang='lat' dir='ltr'>nis</span> <span class='ocrx_word' id='word_1_44' title='bbox 203 885 380 951; x_wconf 87' lang='lat' dir='ltr'>attenditur</span> <span class='ocrx_word' id='word_1_45' title='bbox 397 886 426 949; x_wconf 95' lang='lat' dir='ltr'>in</span> <span class='ocrx_word' id='word_1_46' title='bbox 444 884 631 951; x_wconf 84' lang='lat' dir='ltr'>difficultate</span> <span class='ocrx_word' id='word_1_47' title='bbox 656 885 786 950; x_wconf 82' lang='lat' dir='ltr'>iniuncti</span> <span class='ocrx_word' id='word_1_48' title='bbox 804 885 927 968; x_wconf 88' lang='lat' dir='ltr'>operis;</span> <span class='ocrx_word' id='word_1_49' title='bbox 948 884 1096 969; x_wconf 78' lang='lat' dir='ltr'>puriter,</span> 
     </span>
     <span class='ocr_line' id='line_1_8' title="bbox 131 990 1094 1076; baseline 0 -20"><span class='ocrx_word' id='word_1_50' title='bbox 131 991 162 1057; x_wconf 93' lang='lat' dir='ltr'>in</span> <span class='ocrx_word' id='word_1_51' title='bbox 187 990 389 1074; x_wconf 78' lang='lat' dir='ltr'>simplicitate</span> <span class='ocrx_word' id='word_1_52' title='bbox 413 991 610 1068; x_wconf 88' lang='lat' dir='ltr'>intentionis;</span> <span class='ocrx_word' id='word_1_53' title='bbox 624 991 865 1076; x_wconf 80' lang='lat' dir='ltr'>promptitudo,</span> <span class='ocrx_word' id='word_1_54' title='bbox 883 992 913 1056; x_wconf 96' lang='lat' dir='ltr'>in</span> <span class='ocrx_word' id='word_1_55' title='bbox 931 992 1094 1056; x_wconf 74' lang='lat' dir='ltr'>alacritate</span> 
     </span>
     <span class='ocr_line' id='line_1_9' title="bbox 133 1097 359 1163; baseline -0.004 0"><span class='ocrx_word' id='word_1_56' title='bbox 133 1097 359 1163; x_wconf 77' lang='lat' dir='ltr'>exsecutionis.</span> 
     </span>
    </p>

    <p class='ocr_par' dir='ltr' id='par_1_3' title="bbox 129 1203 1100 3319">
     <span class='ocr_line' id='line_1_10' title="bbox 174 1203 1097 1290; baseline 0.001 -22"><span class='ocrx_word' id='word_1_57' title='bbox 174 1215 177 1222; x_wconf 75' lang='grc'>·’</span> <span class='ocrx_word' id='word_1_58' title='bbox 226 1203 255 1268; x_wconf 87' lang='grc'>3.</span> <span class='ocrx_word' id='word_1_59' title='bbox 282 1204 332 1269; x_wconf 85' lang='lat' dir='ltr'>Est</span> <span class='ocrx_word' id='word_1_60' title='bbox 356 1206 438 1270; x_wconf 89' lang='lat' dir='ltr'>enim</span> <span class='ocrx_word' id='word_1_61' title='bbox 458 1205 574 1290; x_wconf 82' lang='lat' dir='ltr'>triplex</span> <span class='ocrx_word' id='word_1_62' title='bbox 592 1204 787 1271; x_wconf 87' lang='lat' dir='ltr'>obedientia:</span> <span class='ocrx_word' id='word_1_63' title='bbox 811 1205 1026 1282; x_wconf 71' lang='lat' dir='ltr'>necessitatis,</span> <span class='ocrx_word' id='word_1_64' title='bbox 1043 1223 1097 1270; x_wconf 80' lang='lat' dir='ltr'>crt-</span> 
     </span>
     <span class='ocr_line' id='line_1_11' title="bbox 129 1309 1098 1396; baseline -0.002 -20"><span class='ocrx_word' id='word_1_65' title='bbox 129 1310 297 1396; x_wconf 82' lang='lat' dir='ltr'>pt&#39;dr&#39;tctt&#39;a,</span> <span class='ocrx_word' id='word_1_66' title='bbox 321 1311 488 1377; x_wconf 77' lang='lat' dir='ltr'>cordolio.</span> <span class='ocrx_word' id='word_1_67' title='bbox 513 1349 555 1360; x_wconf 91' lang='lat'><em>-</em></span> <span class='ocrx_word' id='word_1_68' title='bbox 579 1309 778 1377; x_wconf 79' lang='lat' dir='ltr'>Necessitate</span> <span class='ocrx_word' id='word_1_69' title='bbox 801 1312 908 1378; x_wconf 87' lang='lat' dir='ltr'>obedit</span> <span class='ocrx_word' id='word_1_70' title='bbox 935 1312 988 1396; x_wconf 87' lang='lat' dir='ltr'>qui</span> <span class='ocrx_word' id='word_1_71' title='bbox 1015 1310 1098 1395; x_wconf 82' lang='lat' dir='ltr'>cogi·</span> 
     </span>
     <span class='ocr_line' id='line_1_12' title="bbox 135 1417 1099 1504; baseline 0 -21"><span class='ocrx_word' id='word_1_72' title='bbox 135 1426 186 1504; x_wconf 89' lang='lat' dir='ltr'>tur</span> <span class='ocrx_word' id='word_1_73' title='bbox 211 1417 329 1483; x_wconf 88' lang='lat' dir='ltr'>invitus</span> <span class='ocrx_word' id='word_1_74' title='bbox 353 1427 384 1482; x_wconf 89' lang='lat' dir='ltr'>et</span> <span class='ocrx_word' id='word_1_75' title='bbox 410 1418 541 1484; x_wconf 84' lang='lat' dir='ltr'>libenter</span> <span class='ocrx_word' id='word_1_76' title='bbox 565 1427 648 1484; x_wconf 87' lang='lat' dir='ltr'>esset</span> <span class='ocrx_word' id='word_1_77' title='bbox 673 1418 763 1497; x_wconf 87' lang='lat' dir='ltr'>liber,</span> <span class='ocrx_word' id='word_1_78' title='bbox 788 1422 812 1485; x_wconf 91' lang='lat' dir='ltr'>si</span> <span class='ocrx_word' id='word_1_79' title='bbox 839 1429 943 1504; x_wconf 88' lang='lat' dir='ltr'>posset</span> <span class='ocrx_word' id='word_1_80' title='bbox 968 1419 1016 1483; x_wconf 89' lang='lat' dir='ltr'>vel</span> <span class='ocrx_word' id='word_1_81' title='bbox 1046 1435 1099 1483; x_wconf 88' lang='lat' dir='ltr'>au·</span> 
     </span>
     <span class='ocr_line' id='line_1_13' title="bbox 133 1525 1097 1603; baseline -0.002 -13"><span class='ocrx_word' id='word_1_82' title='bbox 133 1525 234 1603; x_wconf 85' lang='lat' dir='ltr'>deret,</span> <span class='ocrx_word' id='word_1_83' title='bbox 259 1533 293 1589; x_wconf 95' lang='lat' dir='ltr'>ut</span> <span class='ocrx_word' id='word_1_84' title='bbox 317 1526 426 1591; x_wconf 90' lang='lat' dir='ltr'>asinus</span> <span class='ocrx_word' id='word_1_85' title='bbox 449 1532 480 1589; x_wconf 92' lang='lat' dir='ltr'>et</span> <span class='ocrx_word' id='word_1_86' title='bbox 505 1525 561 1590; x_wconf 86' lang='lat' dir='ltr'>uos</span> <span class='ocrx_word' id='word_1_87' title='bbox 585 1532 615 1590; x_wconf 90' lang='lat' dir='ltr'>et</span> <span class='ocrx_word' id='word_1_88' title='bbox 640 1526 721 1591; x_wconf 87' lang='lat' dir='ltr'>servi</span> <span class='ocrx_word' id='word_1_89' title='bbox 748 1526 893 1592; x_wconf 82' lang='lat' dir='ltr'>malevoli</span> <span class='ocrx_word' id='word_1_90' title='bbox 919 1532 951 1591; x_wconf 92' lang='lat' dir='ltr'>et</span> <span class='ocrx_word' id='word_1_91' title='bbox 968 1525 1097 1592; x_wconf 87' lang='lat' dir='ltr'>similes.</span> 
     </span>
     <span class='ocr_line' id='line_1_14' title="bbox 134 1630 1097 1717; baseline 0.001 -21"><span class='ocrx_word' id='word_1_92' title='bbox 134 1667 175 1680; x_wconf 91' lang='lat'><em>-</em></span> <span class='ocrx_word' id='word_1_93' title='bbox 214 1630 403 1716; x_wconf 83' lang='lat' dir='ltr'>Cupidltotc</span> <span class='ocrx_word' id='word_1_94' title='bbox 426 1632 533 1698; x_wconf 83' lang='lat' dir='ltr'>obedit</span> <span class='ocrx_word' id='word_1_95' title='bbox 556 1632 610 1717; x_wconf 87' lang='lat' dir='ltr'>qui</span> <span class='ocrx_word' id='word_1_96' title='bbox 637 1651 693 1716; x_wconf 92' lang='lat' dir='ltr'>pro</span> <span class='ocrx_word' id='word_1_97' title='bbox 718 1633 865 1699; x_wconf 80' lang='lat' dir='ltr'>mercede</span> <span class='ocrx_word' id='word_1_98' title='bbox 891 1642 1016 1699; x_wconf 86' lang='lat' dir='ltr'>terrena</span> <span class='ocrx_word' id='word_1_99' title='bbox 1049 1632 1097 1698; x_wconf 86' lang='lat' dir='ltr'>vel</span> 
     </span>
     <span class='ocr_line' id='line_1_15' title="bbox 135 1737 1099 1824; baseline -0.002 -20"><span class='ocrx_word' id='word_1_100' title='bbox 135 1758 193 1824; x_wconf 90' lang='lat' dir='ltr'>pro</span> <span class='ocrx_word' id='word_1_101' title='bbox 217 1741 385 1805; x_wconf 83' lang='lat' dir='ltr'>commodo</span> <span class='ocrx_word' id='word_1_102' title='bbox 410 1740 551 1823; x_wconf 86' lang='lat' dir='ltr'>corporis</span> <span class='ocrx_word' id='word_1_103' title='bbox 577 1741 624 1805; x_wconf 91' lang='lat' dir='ltr'>vel</span> <span class='ocrx_word' id='word_1_104' title='bbox 651 1741 862 1806; x_wconf 86' lang='lat' dir='ltr'>consolatione</span> <span class='ocrx_word' id='word_1_105' title='bbox 887 1738 1038 1805; x_wconf 82' lang='lat' dir='ltr'>exteriori</span> <span class='ocrx_word' id='word_1_106' title='bbox 1068 1737 1099 1802; x_wconf 95' lang='lat' dir='ltr'>li·</span> 
     </span>
     <span class='ocr_line' id='line_1_16' title="bbox 134 1844 1099 1931; baseline -0.001 -21"><span class='ocrx_word' id='word_1_107' title='bbox 134 1845 246 1911; x_wconf 84' lang='lat' dir='ltr'>beuter</span> <span class='ocrx_word' id='word_1_108' title='bbox 270 1844 343 1910; x_wconf 87' lang='lat' dir='ltr'>facit</span> <span class='ocrx_word' id='word_1_109' title='bbox 367 1847 450 1929; x_wconf 74' lang='lat' dir='ltr'>quiid</span> <span class='ocrx_word' id='word_1_110' title='bbox 478 1846 664 1930; x_wconf 83' lang='lat' dir='ltr'>iniungitur,</span> <span class='ocrx_word' id='word_1_111' title='bbox 689 1857 723 1911; x_wconf 94' lang='lat' dir='ltr'>ut</span> <span class='ocrx_word' id='word_1_112' title='bbox 748 1847 834 1912; x_wconf 82' lang='lat' dir='ltr'>carris</span> <span class='ocrx_word' id='word_1_113' title='bbox 851 1855 881 1911; x_wconf 93' lang='lat' dir='ltr'>et</span> <span class='ocrx_word' id='word_1_114' title='bbox 902 1846 1052 1931; x_wconf 78' lang='lat' dir='ltr'>accipiter</span> <span class='ocrx_word' id='word_1_115' title='bbox 1068 1850 1099 1910; x_wconf 89' lang='lat' dir='ltr'>et</span> 
     </span>
     <span class='ocr_line' id='line_1_17' title="bbox 135 1952 1099 2037; baseline -0.001 -19"><span class='ocrx_word' id='word_1_116' title='bbox 135 1952 323 2023; x_wconf 86' lang='lat' dir='ltr'>mercenarii</span> <span class='ocrx_word' id='word_1_117' title='bbox 348 1962 380 2017; x_wconf 92' lang='lat' dir='ltr'>et</span> <span class='ocrx_word' id='word_1_118' title='bbox 404 1952 523 2017; x_wconf 73' lang='lat' dir='ltr'>similes</span> <span class='ocrx_word' id='word_1_119' title='bbox 548 1953 619 2017; x_wconf 83' lang='lat' dir='ltr'>illio.</span> <span class='ocrx_word' id='word_1_120' title='bbox 644 1955 768 2037; x_wconf 84' lang='lat' dir='ltr'>Quanto</span> <span class='ocrx_word' id='word_1_121' title='bbox 792 1961 898 2020; x_wconf 85' lang='lat' dir='ltr'>autem</span> <span class='ocrx_word' id='word_1_122' title='bbox 920 1953 1099 2019; x_wconf 86' lang='lat' dir='ltr'>obedientia</span> 
     </span>
     <span class='ocr_line' id='line_1_18' title="bbox 133 2059 1099 2146; baseline 0.001 -23"><span class='ocrx_word' id='word_1_123' title='bbox 133 2059 208 2146; x_wconf 87' lang='lat' dir='ltr'>plus</span> <span class='ocrx_word' id='word_1_124' title='bbox 233 2059 330 2124; x_wconf 85' lang='lat' dir='ltr'>hebet</span> <span class='ocrx_word' id='word_1_125' title='bbox 354 2061 393 2124; x_wconf 87' lang='lat' dir='ltr'>de</span> <span class='ocrx_word' id='word_1_126' title='bbox 418 2059 546 2144; x_wconf 94' lang='lat' dir='ltr'>proprio</span> <span class='ocrx_word' id='word_1_127' title='bbox 569 2060 733 2144; x_wconf 86' lang='lat' dir='ltr'>temporali</span> <span class='ocrx_word' id='word_1_128' title='bbox 752 2061 873 2138; x_wconf 90' lang='lat' dir='ltr'>solatio,</span> <span class='ocrx_word' id='word_1_129' title='bbox 891 2068 977 2126; x_wconf 89' lang='lat' dir='ltr'>tanto</span> <span class='ocrx_word' id='word_1_130' title='bbox 995 2061 1099 2124; x_wconf 90' lang='lat' dir='ltr'>minus</span> 
     </span>
     <span class='ocr_line' id='line_1_19' title="bbox 135 2165 1098 2251; baseline -0.001 -20"><span class='ocrx_word' id='word_1_131' title='bbox 135 2166 232 2232; x_wconf 84' lang='lat' dir='ltr'>habet</span> <span class='ocrx_word' id='word_1_132' title='bbox 256 2166 296 2230; x_wconf 93' lang='lat' dir='ltr'>de</span> <span class='ocrx_word' id='word_1_133' title='bbox 320 2167 433 2231; x_wconf 89' lang='lat' dir='ltr'>merito</span> <span class='ocrx_word' id='word_1_134' title='bbox 456 2183 562 2232; x_wconf 92' lang='lat' dir='ltr'>coram</span> <span class='ocrx_word' id='word_1_135' title='bbox 589 2165 661 2232; x_wconf 85' lang='lat' dir='ltr'>[loo</span> <span class='ocrx_word' id='word_1_136' title='bbox 688 2167 806 2232; x_wconf 87' lang='lat' dir='ltr'>llerces</span> <span class='ocrx_word' id='word_1_137' title='bbox 829 2167 944 2251; x_wconf 89' lang='lat' dir='ltr'>prioris</span> <span class='ocrx_word' id='word_1_138' title='bbox 960 2174 1008 2233; x_wconf 89' lang='lat' dir='ltr'>est</span> <span class='ocrx_word' id='word_1_139' title='bbox 1030 2184 1098 2232; x_wconf 85' lang='lat' dir='ltr'>era·</span> 
     </span>
     <span class='ocr_line' id='line_1_20' title="bbox 134 2273 1099 2358; baseline -0.001 -20"><span class='ocrx_word' id='word_1_140' title='bbox 134 2274 181 2339; x_wconf 93' lang='lat' dir='ltr'>sio</span> <span class='ocrx_word' id='word_1_141' title='bbox 206 2291 335 2357; x_wconf 87' lang='lat' dir='ltr'>poenae,</span> <span class='ocrx_word' id='word_1_142' title='bbox 359 2291 454 2358; x_wconf 84' lang='lat' dir='ltr'>quam</span> <span class='ocrx_word' id='word_1_143' title='bbox 482 2274 570 2339; x_wconf 88' lang='lat' dir='ltr'>timet</span> <span class='ocrx_word' id='word_1_144' title='bbox 594 2275 769 2349; x_wconf 85' lang='lat' dir='ltr'>incurrere,</span> <span class='ocrx_word' id='word_1_145' title='bbox 801 2273 826 2338; x_wconf 91' lang='lat' dir='ltr'>si</span> <span class='ocrx_word' id='word_1_146' title='bbox 860 2292 921 2338; x_wconf 93' lang='lat' dir='ltr'>non</span> <span class='ocrx_word' id='word_1_147' title='bbox 954 2273 1099 2352; x_wconf 81' lang='lat' dir='ltr'>obediat3</span> 
     </span>
     <span class='ocr_line' id='line_1_21' title="bbox 133 2365 1100 2466; baseline -0.003 -20"><span class='ocrx_word' id='word_1_148' title='bbox 133 2397 258 2446; x_wconf 86' lang='lat' dir='ltr'>merces</span> <span class='ocrx_word' id='word_1_149' title='bbox 282 2380 411 2446; x_wconf 88' lang='lat' dir='ltr'>secundi</span> <span class='ocrx_word' id='word_1_150' title='bbox 437 2389 484 2446; x_wconf 88' lang='lat' dir='ltr'>est</span> <span class='ocrx_word' id='word_1_151' title='bbox 508 2399 580 2465; x_wconf 88' lang='lat' dir='ltr'>spes</span> <span class='ocrx_word' id='word_1_152' title='bbox 603 2380 798 2466; x_wconf 83' lang='lat' dir='ltr'>adipiscendi</span> <span class='ocrx_word' id='word_1_153' title='bbox 828 2365 912 2466; x_wconf 83' lang='lat' dir='ltr'>quod</span> <span class='ocrx_word' id='word_1_154' title='bbox 939 2380 1100 2446; x_wconf 88' lang='lat' dir='ltr'>desiderat</span> 
     </span>
     <span class='ocr_line' id='line_1_22' title="bbox 134 2484 1099 2567; baseline -0.005 -17"><span class='ocrx_word' id='word_1_155' title='bbox 134 2485 311 2551; x_wconf 90' lang='lat' dir='ltr'>obediendo</span> <span class='ocrx_word' id='word_1_156' title='bbox 335 2485 487 2563; x_wconf 83' lang='lat' dir='ltr'>obtinere,</span> <span class='ocrx_word' id='word_1_157' title='bbox 511 2493 547 2550; x_wconf 89' lang='lat' dir='ltr'>ut</span> <span class='ocrx_word' id='word_1_158' title='bbox 572 2501 689 2550; x_wconf 90' lang='lat' dir='ltr'>munus</span> <span class='ocrx_word' id='word_1_159' title='bbox 722 2484 770 2550; x_wconf 91' lang='lat' dir='ltr'>vel</span> <span class='ocrx_word' id='word_1_160' title='bbox 796 2484 941 2550; x_wconf 88' lang='lat' dir='ltr'>solatium</span> <span class='ocrx_word' id='word_1_161' title='bbox 979 2492 1099 2567; x_wconf 90' lang='lat' dir='ltr'>tempo·</span> 
     </span>
     <span class='ocr_line' id='line_1_23' title="bbox 134 2589 1100 2676; baseline -0.002 -20"><span class='ocrx_word' id='word_1_162' title='bbox 134 2591 211 2658; x_wconf 88' lang='lat' dir='ltr'>rate.</span> <span class='ocrx_word' id='word_1_163' title='bbox 236 2629 280 2638; x_wconf 94' lang='grc'><strong>-</strong></span> <span class='ocrx_word' id='word_1_164' title='bbox 303 2590 489 2658; x_wconf 85' lang='lat' dir='ltr'>Oitedientia</span> <span class='ocrx_word' id='word_1_165' title='bbox 512 2591 669 2657; x_wconf 74' lang='lat' dir='ltr'>caritati-r</span> <span class='ocrx_word' id='word_1_166' title='bbox 692 2600 749 2669; x_wconf 84' lang='lat' dir='ltr'>est,</span> <span class='ocrx_word' id='word_1_167' title='bbox 767 2595 894 2676; x_wconf 86' lang='lat' dir='ltr'>quando</span> <span class='ocrx_word' id='word_1_168' title='bbox 911 2608 950 2655; x_wconf 87' lang='lat' dir='ltr'>ex</span> <span class='ocrx_word' id='word_1_169' title='bbox 970 2589 1100 2655; x_wconf 87' lang='lat' dir='ltr'>caritate</span> 
     </span>
     <span class='ocr_line' id='line_1_24' title="bbox 133 2698 1100 2782; baseline -0.004 -18"><span class='ocrx_word' id='word_1_170' title='bbox 133 2699 189 2764; x_wconf 81' lang='lat' dir='ltr'>liei</span> <span class='ocrx_word' id='word_1_171' title='bbox 217 2699 265 2765; x_wconf 88' lang='lat' dir='ltr'>vel</span> <span class='ocrx_word' id='word_1_172' title='bbox 291 2707 419 2782; x_wconf 90' lang='lat' dir='ltr'>propter</span> <span class='ocrx_word' id='word_1_173' title='bbox 447 2698 544 2763; x_wconf 88' lang='lat' dir='ltr'>Deum</span> <span class='ocrx_word' id='word_1_174' title='bbox 570 2706 601 2763; x_wconf 90' lang='lat' dir='ltr'>et</span> <span class='ocrx_word' id='word_1_175' title='bbox 626 2705 755 2782; x_wconf 87' lang='lat' dir='ltr'>propter</span> <span class='ocrx_word' id='word_1_176' title='bbox 780 2698 920 2763; x_wconf 86' lang='lat' dir='ltr'>divinam</span> <span class='ocrx_word' id='word_1_177' title='bbox 952 2713 1100 2761; x_wconf 90' lang='lat' dir='ltr'>remune-</span> 
     </span>
     <span class='ocr_line' id='line_1_25' title="bbox 135 2803 1100 2889; baseline -0.002 -17"><span class='ocrx_word' id='word_1_178' title='bbox 135 2807 288 2872; x_wconf 89' lang='lat' dir='ltr'>rationem</span> <span class='ocrx_word' id='word_1_179' title='bbox 324 2805 482 2884; x_wconf 85' lang='lat' dir='ltr'>obeditur,</span> <span class='ocrx_word' id='word_1_180' title='bbox 517 2805 604 2889; x_wconf 82' lang='lat' dir='ltr'>large</span> <span class='ocrx_word' id='word_1_181' title='bbox 640 2814 746 2872; x_wconf 86' lang='lat' dir='ltr'>surnto</span> <span class='ocrx_word' id='word_1_182' title='bbox 782 2805 907 2870; x_wconf 87' lang='lat' dir='ltr'>nomine</span> <span class='ocrx_word' id='word_1_183' title='bbox 951 2803 1100 2881; x_wconf 56' lang='lat' dir='ltr'>caritati&amp;</span> 
     </span>
     <span class='ocr_line' id='line_1_26' title="bbox 133 2909 1100 2998; baseline -0.004 -19"><span class='ocrx_word' id='word_1_184' title='bbox 133 2932 198 2998; x_wconf 86' lang='lat' dir='ltr'>quo</span> <span class='ocrx_word' id='word_1_185' title='bbox 230 2921 294 2978; x_wconf 90' lang='lat' dir='ltr'>tam</span> <span class='ocrx_word' id='word_1_186' title='bbox 327 2913 421 2978; x_wconf 91' lang='lat' dir='ltr'>timor</span> <span class='ocrx_word' id='word_1_187' title='bbox 448 2930 567 2996; x_wconf 88' lang='lat' dir='ltr'>poenae</span> <span class='ocrx_word' id='word_1_188' title='bbox 602 2931 697 2997; x_wconf 86' lang='lat' dir='ltr'>quam</span> <span class='ocrx_word' id='word_1_189' title='bbox 735 2912 929 2978; x_wconf 89' lang='lat' dir='ltr'>desiderium</span> <span class='ocrx_word' id='word_1_190' title='bbox 967 2909 1100 2996; x_wconf 87' lang='lat' dir='ltr'>praemii</span> 
     </span>
     <span class='ocr_line' id='line_1_27' title="bbox 133 3016 1100 3107; baseline -0.005 -21"><span class='ocrx_word' id='word_1_191' title='bbox 133 3039 231 3107; x_wconf 86' lang='lat' dir='ltr'>quam</span> <span class='ocrx_word' id='word_1_192' title='bbox 255 3019 388 3086; x_wconf 81' lang='lat' dir='ltr'>allectus</span> <span class='ocrx_word' id='word_1_193' title='bbox 412 3022 530 3085; x_wconf 90' lang='lat' dir='ltr'>amoris</span> <span class='ocrx_word' id='word_1_194' title='bbox 554 3020 608 3085; x_wconf 89' lang='lat' dir='ltr'>Dei</span> <span class='ocrx_word' id='word_1_195' title='bbox 647 3019 832 3099; x_wconf 86' lang='lat' dir='ltr'>includitur,</span> <span class='ocrx_word' id='word_1_196' title='bbox 864 3035 1001 3105; x_wconf 86' lang='lat' dir='ltr'>quorum</span> <span class='ocrx_word' id='word_1_197' title='bbox 1034 3016 1100 3102; x_wconf 92' lang='lat' dir='ltr'>pri-</span> 
     </span>
     <span class='ocr_line' id='line_1_28' title="bbox 134 3126 1100 3211; baseline -0.006 -17"><span class='ocrx_word' id='word_1_198' title='bbox 134 3145 223 3194; x_wconf 88' lang='lat' dir='ltr'>mum</span> <span class='ocrx_word' id='word_1_199' title='bbox 248 3136 296 3194; x_wconf 88' lang='lat' dir='ltr'>est</span> <span class='ocrx_word' id='word_1_200' title='bbox 322 3128 549 3211; x_wconf 85' lang='lat' dir='ltr'>incipientium,</span> <span class='ocrx_word' id='word_1_201' title='bbox 574 3128 750 3194; x_wconf 87' lang='lat' dir='ltr'>secundnm</span> <span class='ocrx_word' id='word_1_202' title='bbox 775 3126 1020 3211; x_wconf 85' lang='lat' dir='ltr'>proficientium,</span> <span class='ocrx_word' id='word_1_203' title='bbox 1037 3130 1100 3190; x_wconf 90' lang='lat' dir='ltr'>ter-</span> 
     </span>
     <span class='ocr_line' id='line_1_29' title="bbox 134 3233 467 3319; baseline -0.006 -21"><span class='ocrx_word' id='word_1_204' title='bbox 134 3235 214 3300; x_wconf 89' lang='lat' dir='ltr'>tium</span> <span class='ocrx_word' id='word_1_205' title='bbox 242 3233 467 3319; x_wconf 87' lang='lat' dir='ltr'>perlectorum.</span> 
     </span>
    </p>

    <p class='ocr_par' dir='ltr' id='par_1_4' title="bbox 224 3335 1101 3423">
     <span class='ocr_line' id='line_1_30' title="bbox 224 3335 1101 3423; baseline -0.006 -17"><span class='ocrx_word' id='word_1_206' title='bbox 224 3341 254 3406; x_wconf 83' lang='lat' dir='ltr'>l.</span> <span class='ocrx_word' id='word_1_207' title='bbox 281 3340 366 3418; x_wconf 88' lang='lat' dir='ltr'>item,</span> <span class='ocrx_word' id='word_1_208' title='bbox 391 3340 453 3404; x_wconf 89' lang='lat' dir='ltr'>alia</span> <span class='ocrx_word' id='word_1_209' title='bbox 471 3348 518 3406; x_wconf 88' lang='lat' dir='ltr'>est</span> <span class='ocrx_word' id='word_1_210' title='bbox 534 3339 694 3406; x_wconf 87' lang='lat' dir='ltr'>distinctio</span> <span class='ocrx_word' id='word_1_211' title='bbox 710 3338 926 3405; x_wconf 83' lang='lat' dir='ltr'>obedientiae:</span> <span class='ocrx_word' id='word_1_212' title='bbox 948 3337 1023 3423; x_wconf 87' lang='lat' dir='ltr'>quia</span> <span class='ocrx_word' id='word_1_213' title='bbox 1039 3335 1101 3402; x_wconf 87' lang='lat' dir='ltr'>alia</span> 
     </span>
    </p>
   </div>
   <div class='ocr_carea' id='block_1_3' title="bbox 132 3435 1100 3642">
    <p class='ocr_par' dir='ltr' id='par_1_5' title="bbox 132 3435 1100 3642">
     <span class='ocr_line' id='line_1_31' title="bbox 132 3435 1100 3533; baseline -0.005 -20"><span class='ocrx_word' id='word_1_214' title='bbox 132 3455 182 3513; x_wconf 89' lang='lat' dir='ltr'>est</span> <span class='ocrx_word' id='word_1_215' title='bbox 206 3446 473 3533; x_wconf 67' lang='lat' dir='ltr'>praecellentia</span> <span class='ocrx_word' id='word_1_216' title='bbox 502 3435 705 3532; x_wconf 73' lang='lat' dir='ltr'>peoorult&#39;or,</span> <span class='ocrx_word' id='word_1_217' title='bbox 733 3446 795 3511; x_wconf 89' lang='lat' dir='ltr'>alia</span> <span class='ocrx_word' id='word_1_218' title='bbox 820 3443 1100 3530; x_wconf 79' lang='lat' dir='ltr'>perrerclireimo;</span> 
     </span>
     <span class='ocr_line' id='line_1_32' title="bbox 132 3549 1097 3642; baseline -0.007 -22"><span class='ocrx_word' id='word_1_219' title='bbox 132 3554 221 3632; x_wconf 91' lang='lat' dir='ltr'>item,</span> <span class='ocrx_word' id='word_1_220' title='bbox 233 3554 295 3618; x_wconf 91' lang='lat' dir='ltr'>alia</span> <span class='ocrx_word' id='word_1_221' title='bbox 307 3551 472 3638; x_wconf 73' lang='lat' dir='ltr'>spectatis,</span> <span class='ocrx_word' id='word_1_222' title='bbox 486 3553 547 3619; x_wconf 89' lang='lat' dir='ltr'>alia</span> <span class='ocrx_word' id='word_1_223' title='bbox 562 3552 753 3638; x_wconf 79' lang='lat' dir='ltr'>specialior,</span> <span class='ocrx_word' id='word_1_224' title='bbox 766 3551 828 3642; x_wconf 86' lang='lat' dir='ltr'>alia</span> <span class='ocrx_word' id='word_1_225' title='bbox 844 3549 1097 3636; x_wconf 73' lang='lat' dir='ltr'>specialissima.</span> 
     </span>
    </p>
   </div>
   <div class='ocr_carea' id='block_1_4' title="bbox 0 0 1392 4316">
    <p class='ocr_par' dir='ltr' id='par_1_6' title="bbox 0 0 1392 4316">
     <span class='ocr_line' id='line_1_33' title="bbox 0 0 1392 4316; baseline 0 0"><span class='ocrx_word' id='word_1_226' title='bbox 0 0 1392 4316; x_wconf 95' lang='lat' dir='ltr'> </span> 
     </span>
    </p>
   </div>
  </div>
 </body>
</html>
