2742 4320
312 241 353 288 nn
377 240 419 288 vu
442 239 653 290 rnocnsstnos.
678 241 850 290 rnooossus
877 241 925 287 vu.
1033 221 1097 288 ste

130 366 265 416 sursum
289 348 392 416 elevat
416 358 447 416 et
470 366 528 415 sun
545 348 663 416 uirtute
680 349 745 416 Deo
761 347 960 434 conglutinat
976 353 1007 414 et
1028 362 1099 413 con·

132 454 247 540 iungit,
270 463 300 520 et
324 461 443 540 quanto
473 473 564 521 antor
595 453 813 524 vehementior
836 460 867 522 el
891 451 1099 538 intelligentia

134 560 283 640 lucidior,
307 567 395 628 tanto
417 561 556 629 validius
581 569 718 630 mentem
744 561 774 627 in
799 579 834 628 se
858 560 950 647 rapit,
981 576 1097 646 quous·

132 684 197 752 que
233 665 360 736 tandem
396 667 551 747 omnium,
582 685 665 754 quae
688 667 749 735 sub
783 667 849 734 Deo
883 673 967 744 sunt,
1003 664 1096 750 plene

133 773 243 850 oblita,
267 773 298 839 in
323 772 390 840 solo
422 773 548 842 divinae
572 773 845 860 contemplationis
876 772 966 842 radio
998 772 1097 839 libore

132 879 262 966 rigatur,
288 881 359 947 licet
383 881 523 949 breviter
548 880 636 948 uelut
659 881 691 947 in
723 881 861 967 quodam
894 898 1027 948 corusco
1050 878 1097 944 ln·
1171 931 1175 956 ,

133 987 229 1054 minis
263 987 396 1055 caelitus
429 988 604 1067 eminentie,
636 988 711 1075 quie
741 1007 877 1076 corpus,
908 988 1097 1076 quod-cor·

131 1093 320 1180 rumpitur,
344 1104 514 1181 appronat
538 1095 704 1180 eitimam,
728 1106 758 1162 et
781 1095 938 1182 deprimit
962 1103 1097 1162 terreno

133 1200 334 1269 iulobt'tott'o
349 1220 482 1268 sensum
501 1202 608 1270 molto
623 1203 819 1289 eopitotrteor
838 1205 861 1267 ¹.
878 1203 996 1271 Sensus
1011 1200 1096 1270 enim

131 1310 272 1376 hominis
296 1327 353 1394 per
378 1327 411 1376 se
429 1327 529 1395 pauca
546 1317 648 1396 potest
664 1319 696 1376 et
712 1311 767 1376 vix
785 1312 922 1377 tenuiter
939 1309 1096 1394 cogitare3

133 1416 324 1484 sublevatus
348 1424 454 1484 autem
479 1415 588 1484 afflatu
605 1417 735 1503 superni
753 1417 883 1484 luminis
899 1423 985 1483 tanto
1002 1415 1097 1501 plura

132 1521 229 1589 simul
254 1523 407 1602 intuetur,
431 1531 550 1607 quanto
573 1541 672 1607 supra
696 1540 729 1590 se
754 1521 924 1588 sublimius
941 1521 1094 1588 elevatur.

131 1628 192 1694 Sed
217 1627 381 1712 corruptio
406 1630 523 1696 terreni
548 1629 691 1714 corporis
715 1636 747 1696 et
771 1631 876 1694 variae
894 1628 991 1695 nnius
1014 1628 1095 1694 ritae

132 1735 357 1820 occupationes
380 1735 565 1820 deprimunt
588 1737 727 1803 animam
753 1744 783 1803 et
814 1742 965 1804 reuocant
996 1734 1037 1803 ad
1062 1752 1096 1801 se

131 1841 247 1927 ipsam,
271 1849 307 1908 ut
331 1859 461 1928 gemens
485 1843 623 1910 ctanare
647 1851 780 1928 cogatur
800 1861 872 1910 cunt
891 1843 1038 1928 Apostolo
1053 1841 1094 1908 ad

132 1947 289 2014 Romanos
304 1947 331 2012 ²:
356 1945 481 2034 Inselr'rc
504 1968 562 2036 epo
586 1947 701 2017 luomo!
725 1950 800 2038 quis
815 1970 867 2016 me
888 1948 1042 2016 ltlterolit't
1056 1948 1095 2015 de

131 2073 271 2140 corpore
295 2055 413 2120 mortis
437 2053 563 2122 lutus?
587 2057 681 2124 ltern:
706 2058 780 2123 Heu
814 2055 899 2124 mett
906 2057 917 2122 l
941 2057 1023 2145 quio
1048 2055 1096 2122 tit·

132 2160 261 2227 rotatus
284 2179 378 2228 oreos
398 2162 621 2250 protonpotos
637 2173 683 2230 est
699 2172 757 2230 eto.
775 2166 899 2249 Quanto
914 2164 989 2250 plus
1006 2181 1096 2230 mens

132 2267 266 2334 sollicita
289 2276 337 2334 est
359 2269 401 2336 ad
426 2269 484 2336 ista
509 2270 656 2337 inferiora
674 2279 705 2338 et
722 2271 862 2338 hnmana
878 2270 1045 2356 cogitanda
1064 2277 1096 2337 et

132 2373 307 2453 tractanda,
332 2383 419 2442 tanto
443 2376 516 2461 plus
540 2395 558 2442 a
589 2378 812 2463 superioribus
839 2387 871 2444 et
904 2376 1095 2444 caelestibus

133 2499 191 2568 per
213 2482 392 2554 devotionis
416 2483 566 2551 intuitum
591 2485 769 2570 elongatur,
785 2493 816 2551 et
833 2490 951 2570 quanto
975 2482 1096 2550 ferven-

132 2588 196 2656 tius
219 2587 260 2655 ab
284 2589 470 2656 interiorunt
497 2592 661 2671 memoria,
682 2591 797 2660 allecto
821 2599 852 2658 et
876 2589 1038 2658 intellectu
1053 2589 1095 2657 ad

132 2711 272 2780 superna
304 2696 496 2777 sustollitur,
528 2706 614 2765 tanto
645 2697 813 2783 perfectior
845 2705 893 2766 est
915 2695 1042 2764 devotio
1064 2704 1096 2763 et
1128 2769 1130 2773 .

132 2800 243 2888 purior
267 2801 337 2870 eins
368 2803 601 2889 contemplatio,
633 2805 708 2890 prtia
732 2801 827 2870 simul
859 2803 998 2891 perfecte
1031 2822 1095 2870 non

133 2916 235 2994 potest
258 2909 403 2994 utrisque
427 2928 497 2978 esse
521 2912 650 2990 intenta,
678 2929 761 2998 quae
787 2912 828 2977 ab
856 2911 990 2980 inuicem
1012 2911 1095 2980 sicut

135 3013 192 3080 lux
216 3022 248 3080 et
272 3015 422 3083 tenebrae
457 3024 532 3084 sunt
562 3016 675 3084 divisa.
707 3017 766 3101 Qui
791 3016 856 3084 Deo
887 3017 1032 3084 inhaeret
1062 3016 1094 3084 in

131 3121 252 3189 lumine
276 3130 434 3204 versatur,
465 3125 519 3209 qul
553 3123 672 3190 mundo
709 3122 853 3190 inhaeret
887 3123 918 3188 in
955 3122 1094 3190 tenebris

132 3234 179 3295 est
194 3227 214 3293 ³.

203 3385 213 3418 ¹
233 3391 295 3456 Sap.
315 3389 340 3456 9,
361 3391 403 3443 ts.

203 3475 298 3545 ecap.
315 3478 341 3546 7,
359 3479 410 3547 et;
430 3481 549 3549 sequitur
569 3483 610 3535 Ps.
631 3481 690 3549 tte,
711 3481 737 3534 ὅ.

202 3563 285 3621 ⁸Clr.
303 3569 374 3622 loun.
394 3570 418 3634 Β,
439 3570 482 3622 te.
513 3598 514 3601 =
