2742 4320
297 241 362 308 aot
649 261 738 308 nrnnu
761 259 900 308 nunnius.

291 366 392 452 magis
416 366 522 434 cordis
544 366 677 433 affectus
700 367 902 433 exhilaratur
933 375 966 434 et
989 367 1133 435 devotior
1157 365 1251 434 effici·

291 481 345 539 tur
367 474 400 539 in
424 491 468 553 se,
492 490 565 539 cum
590 473 706 558 cogitat
729 481 761 540 et
783 482 872 559 optat
894 475 981 560 quod
1005 474 1170 540 desiderat
1194 491 1253 540 non

291 597 333 647 ex
358 580 484 646 levitate
508 579 559 646 vel
583 581 731 659 vanitate,
756 581 810 647 sed
836 598 877 646 ex
913 581 1097 647 maturitate
1122 589 1155 647 et
1179 580 1255 646 cari·

289 694 364 767 tate,
380 687 458 753 dum
482 687 609 752 interim
634 694 683 752 est
699 687 730 752 in
747 687 855 773 aliqua
871 687 1003 772 spiritns
1028 685 1253 765 consolatione,

290 813 373 880 quae
396 794 479 861 facili
503 793 667 860 occasione
691 800 794 880 polest
817 794 859 860 ad
894 794 1053 880 ampliora
1077 793 1255 860 devotionis

289 901 493 968 incitamenta
516 899 696 978 sublevari;
720 908 752 966 et
767 901 853 986 quod
871 907 945 978 tnnc
962 900 1158 968 confidentia
1181 917 1254 986 pro

290 1007 351 1094 prii
375 1007 508 1092 spiritus
533 1005 675 1092 loquitur
698 1012 790 1091 putat
814 1005 900 1092 loqui
925 1007 1079 1092 Spiritum
1097 1015 1254 1084 sanctum,

291 1114 368 1181 dnm
394 1131 456 1179 nou
481 1112 641 1179 subtrahit
665 1112 842 1182 devotionis
861 1113 1009 1198 gratiam,
1033 1131 1131 1198 qnam
1158 1111 1256 1192 dedit,

291 1220 389 1285 immo
412 1219 544 1285 dilatato
566 1219 653 1286 cordi
679 1237 736 1305 per
771 1219 921 1286 desiderii
957 1220 1007 1285 sui
1039 1219 1253 1305 appetentiam

290 1325 502 1412 profusiorem
527 1326 661 1410 gratiam
687 1325 834 1402 infundit,
858 1343 923 1410 quo
946 1324 1054 1392 cordis
1081 1321 1253 1392 exhilarati

291 1433 448 1518 capacitas
473 1432 576 1499 locum
601 1432 766 1518 amplioris
790 1433 821 1498 in
846 1450 880 1500 se
904 1434 1025 1516 gratiae
1042 1431 1253 1518 praeparavit.

292 1541 352 1607 Gor
375 1541 459 1607 enim
485 1540 621 1606 liberum
646 1547 677 1606 et
701 1539 921 1607 benevolentia
946 1540 1122 1608 iucundum
1149 1539 1254 1625 aptius

291 1654 340 1714 est
362 1645 403 1712 ad
421 1643 598 1712 devotionis
622 1644 757 1730 gratiam
782 1645 995 1730 recipiendam
1013 1661 1111 1730 quam
1128 1641 1254 1710 tristitia

292 1761 325 1819 et
346 1753 560 1819 amaritudine
596 1753 813 1832 constrictum,
841 1753 917 1839 qnia
951 1752 1089 1838 Spiritus
1122 1757 1251 1818 sanctus

292 1876 382 1924 amor
406 1867 454 1925 est
477 1867 508 1924 et
532 1858 749 1925 benevolentia
766 1865 798 1925 et
814 1858 995 1926 iucunditas
1013 1857 1114 1924 Patris
1129 1867 1164 1924 et
1180 1855 1251 1934 Filii,

291 1971 323 2031 et
346 1965 462 2031 similia
490 1965 649 2032 similibus
684 1966 784 2050 magis
819 1965 1020 2050 congaudent
1054 1964 1250 2031 naturaliter.

291 2071 421 2138 Laetitia
445 2079 493 2138 est
516 2071 660 2138 caelestis
684 2071 805 2156 patriae
842 2073 1027 2158 proprinm3
1051 2089 1183 2138 moeror
1206 2067 1252 2135 tri·

221 2251 225 2262 ,
292 2177 395 2244 stillae
419 2187 466 2245 est
490 2178 587 2245 huius
610 2178 714 2244 exsilii
739 2179 920 2262 negotinm;
943 2178 1127 2245 amaritudo
1147 2179 1252 2262 despe-

293 2285 425 2351 rationis
448 2291 496 2350 est
520 2285 672 2351 infernale
688 2285 892 2370 supplicium.

381 2393 412 2457 lt.
437 2391 469 2456 ln
493 2390 643 2458 omnibns
666 2409 742 2476 ergo
767 2393 996 2458 revelationum
1018 2392 1069 2458 vel
1093 2391 1249 2458 visionum

292 2499 463 2585 generibus
487 2516 601 2583 magna
625 2499 748 2565 cautela
773 2499 920 2567 habenda
943 2509 1001 2578 est,
1025 2517 1065 2566 ne
1087 2498 1170 2564 falsa
1199 2512 1252 2583 pro

293 2607 387 2683 veria,
412 2605 509 2670 noxia
533 2622 590 2690 pro
614 2604 819 2682 salutaribus
843 2606 962 2690 exigua
986 2622 1045 2690 pro
1072 2603 1203 2670 eximiis
1223 2605 1252 2667 et

293 2711 505 2778 indifferentia
537 2729 595 2797 pro
630 2711 766 2777 summis
800 2711 1006 2798 recipiantur.
1030 2709 1124 2777 Solus
1146 2718 1250 2776 aumm

292 2819 429 2905 Spiritus
452 2827 581 2886 sanctus
605 2835 662 2904 per
686 2818 806 2886 donum
831 2818 954 2886 consilii
978 2826 1009 2884 et
1034 2835 1091 2904 per
1118 2818 1250 2902 gratiam

294 2926 493 2993 discretionis
516 2925 689 3011 spirituum
714 2925 773 2991 soit
789 2924 949 2992 nominem
971 2923 1126 3010 expedire
1142 2932 1175 2991 et
1191 2939 1248 2992 cor·

293 3039 361 3100 tum
387 3032 533 3112 reddere,
557 3031 633 3117 qnid
658 3031 689 3097 in
716 3031 778 3098 illis
801 3031 1020 3116 recipiendum
1046 3029 1098 3106 sit,
1129 3031 1182 3097 nel
1208 3045 1251 3096 re

293 3141 486 3225 spuendum,
509 3148 542 3206 et
564 3139 724 3224 quomodo
748 3139 794 3205 eis
817 3140 993 3216 uteodnm3
1016 3138 1099 3205 sicut
1125 3147 1159 3205 et
1183 3138 1251 3206 Pro·

294 3246 407 3332 phetas
430 3252 462 3312 et
493 3247 623 3312 Sanctos
653 3245 772 3325 docuit,
807 3243 925 3331 quinus
960 3263 1023 3311 non
1047 3243 1153 3312 solnm
1180 3257 1251 3311 vera

293 3352 440 3430 ostendit,
464 3352 520 3418 sed
544 3353 638 3420 etiam
672 3370 728 3437 per
761 3352 902 3418 veritatis
926 3351 1154 3430 testimonium,
1179 3349 1249 3438 qnia

292 3475 370 3525 vera
381 3466 496 3538 essent,
509 3459 643 3526 interius
655 3458 895 3526 demonstrarit.
908 3495 952 3506 -
964 3459 1038 3526 otiis
1050 3465 1158 3526 autem
1173 3457 1251 3524 vide·

293 3573 348 3632 tur
370 3583 439 3633 esso
462 3567 608 3634 seonrins
631 3566 705 3635 talia
723 3585 784 3634 non
808 3583 975 3655 quaerero,
990 3565 1098 3633 oblata
1113 3583 1176 3634 non
1193 3565 1250 3634 cito
