2792 4318
320 236 381 302 tao
655 254 743 302 urrann
767 253 939 302 sncuunus.

316 360 434 445 quibus
469 379 541 446 spes
576 369 634 443 est,
669 362 754 449 quod
790 362 831 429 ad
870 362 983 428 vitant·
1003 369 1160 429 aeternam
1197 377 1256 445 per-

319 467 456 534 veniant.

626 681 962 751 CurrronquXXVlt.

421 895 549 981 Duplex
573 904 620 962 est
641 896 824 963 remedium
848 904 968 962 contro
991 894 1163 962 iuvidiam.

408 1111 435 1175 i.
453 1109 594 1176 Primum
612 1109 789 1176 remedium
806 1115 916 1176 contra
931 1107 1098 1175 inuidiam
1116 1115 1172 1187 est,
1186 1105 1261 1192 quod

316 1222 347 1282 et
370 1232 533 1282 summurn
550 1223 608 1293 est,
624 1216 702 1281 nihii
718 1233 827 1282 amare
843 1215 894 1282 rel
916 1233 1034 1301 cupere
1050 1233 1171 1293 eorum,
1191 1229 1262 1299 quae

316 1321 458 1388 mundus
480 1328 575 1400 amat,
600 1322 629 1389 id
655 1329 703 1388 est
732 1322 878 1402 honores,
913 1322 1050 1403 divitias,
1087 1321 1261 1407 voluptates.

297 1429 515 1514 *Temporalia
539 1429 623 1495 enirn
648 1448 712 1514 quo
735 1429 767 1495 in
791 1429 901 1516 plures
924 1428 1176 1516 dividuntuneo
1201 1443 1263 1513 par·

317 1541 364 1602 tes
387 1535 525 1602 minores
549 1535 640 1616 fiunt,
665 1543 696 1602 et
718 1536 772 1624 qni
790 1553 827 1604 ea
842 1535 963 1622 appetit
980 1535 1102 1603 invidet
1124 1534 1192 1602 aliis
1216 1532 1264 1598 iiia

315 1641 517 1723 habentibus,
553 1642 631 1709 dnm
667 1660 795 1710 neeesse
825 1650 883 1722 est,
913 1643 1012 1709 alium
1045 1659 1155 1710 carere
1186 1639 1264 1727 qnod
1359 1641 1360 1644 ’

317 1749 397 1815 alter
421 1748 525 1815 nabet.
550 1749 703 1816 Caelestia
737 1758 844 1817 autent
880 1758 911 1817 et
934 1749 1052 1830 divina,
1076 1767 1140 1835 quo
1162 1748 1263 1835 ptores

315 1855 514 1941 participant,
537 1874 574 1922 eo
600 1857 700 1941 tnagis
723 1856 898 1924 dilatantur
913 1863 945 1924 et
960 1856 1136 1937 abundant,
1159 1862 1193 1922 ut
1209 1855 1265 1920 rir-

316 1969 399 2030 tutes
422 1969 454 2029 et
478 1963 631 2048 sapientia
654 1972 686 2030 et
705 1963 789 2030 dona
812 1963 949 2049 Spiritus
973 1964 1071 2032 saneti
1096 1969 1128 2032 et
1149 1961 1265 2040 similia,
1360 1985 1361 1988 ¹

315 2085 397 2154 qnae
421 2067 659 2154 participatione
683 2087 745 2135 non
769 2069 969 2136 minuuntur.

405 2178 435 2241 t.
466 2175 647 2243 Secundum
679 2184 727 2243 est
758 2177 907 2262 cogitare,
931 2175 1017 2264 quod
1042 2175 1069 2243 si
1093 2175 1175 2243 alius
1206 2189 1262 2239 non

315 2282 447 2349 haberet
471 2282 562 2361 iilud,
598 2283 682 2350 unde
718 2291 753 2349 tu
785 2283 813 2350 ei
849 2282 982 2361 inrides
1014 2289 1120 2350 tamen
1153 2291 1187 2349 tn
1208 2297 1264 2346 non

316 2389 468 2466 naheren
492 2391 577 2457 unde
609 2392 719 2476 cupias
753 2391 843 2457 alteri
876 2391 962 2478 quod
987 2391 1054 2458 sine
1078 2391 1193 2456 dantno
1214 2395 1265 2455 tuo

316 2495 420 2574 habet,
444 2514 483 2564 ne
506 2496 626 2563 trustra
649 2496 689 2564 de
712 2497 816 2563 aliena
838 2496 986 2564 felicitate
1010 2497 1198 2583 torquearis.

612 2709 795 2777 corrrunrnr
819 2709 973 2779 xxxvttt.

442 2907 577 3010 Triplex
599 2932 648 2990 eat
669 2923 853 2991 remedium
877 2931 996 2992 contro
1020 2924 1145 2991 odium.

405 3140 432 3204 t.
452 3137 635 3205 Remedium
660 3136 801 3223 primunr
825 3142 934 3204 contra
958 3135 1074 3204 odium
1097 3143 1146 3206 est
1161 3136 1264 3203 timere

313 3243 483 3312 rindiotanr
509 3244 573 3324 Dei,
599 3243 653 3330 qui
677 3261 739 3311 non
765 3243 895 3310 remittit
919 3243 1040 3310 homini
1057 3249 1185 3330 peceato
1199 3257 1261 3318 sua,

313 3352 467 3437 quamdin
492 3351 559 3436 ipse
583 3358 668 3420 tenet
690 3350 798 3417 odium
823 3351 864 3418 ad
888 3351 1074 3436 proximum
1098 3367 1202 3419 suunt.

403 3460 433 3524 2.
457 3458 648 3536 Secundum,
678 3457 826 3543 rogitare,
849 3458 935 3544 qnod
964 3465 1068 3525 tamen
1101 3452 1264 3544 aliqnando

314 3572 447 3651 oportet,
471 3581 544 3632 enm
577 3564 724 3651 proximo
756 3564 963 3646 reconciliari,
987 3565 1013 3633 si
1037 3564 1108 3633 vult
1138 3559 1263 3638 saivari3
