2738 4316
1019 13 1209 63 nur-q,-

282 245 324 292 nn
347 243 572 294 courosrrroun
596 244 726 294 nonnus
750 244 940 294 nxrnnronrs.
1051 227 1090 294 tr

129 349 332 436 telligentiae,
356 367 439 436 quae
470 351 501 416 in
535 349 626 417 bonis
661 349 919 417 meditationibus
956 357 1094 417 mentem

128 457 240 543 pascit,
264 455 356 542 quasi
381 455 520 542 quodam
544 455 679 541 pulvere
702 455 904 524 obscuratur.
932 454 1095 542 Quidquid

24 577 26 586 ’
128 581 191 630 non
215 562 344 630 esttibi
370 563 585 629 necessarium
609 562 659 629 vel
684 561 761 629 utile
785 562 826 629 ad
850 568 942 630 tunm
975 561 1025 628 vel
1049 561 1095 629 al·

128 671 230 738 terius
255 670 445 755 profectum,
469 669 626 754 pertransi
648 676 680 736 et
696 669 759 735 noli
776 669 951 749 immorari,
966 685 1025 735 nec
1040 687 1095 736 cor

127 785 221 845 tuum
248 778 279 843 in
304 793 342 843 eo
366 775 535 860 deligatur,
560 775 609 842 vel
635 784 762 862 tempos
786 776 817 842 in
841 793 879 843 ao
899 775 1095 843 infructuose

127 883 344 970 expendatur.

459 1094 644 1164 Cnrmunuu
667 1093 769 1161 lllllll.

201 1306 247 1374 De
265 1305 337 1394 piis
360 1305 566 1387 lectionibus,
589 1305 862 1375 meditationibus
885 1313 915 1374 et
939 1305 1032 1375 bonis

346 1411 595 1499 operationibus
617 1409 882 1502 frequentandis.

221 1627 354 1714 Semper
377 1626 500 1714 aliquid
523 1635 630 1695 tecum
653 1625 743 1696 defer
765 1625 798 1694 in
821 1625 987 1706 momoria,
1010 1624 1097 1712 quod

130 1733 173 1802 de
196 1731 263 1800 Deo
286 1733 431 1801 rumines
452 1733 620 1820 cogitando
643 1740 675 1800 et
698 1733 813 1800 mentis
840 1739 914 1800 tuae
944 1731 1097 1799 intuitum

130 1856 261 1926 semper
286 1839 318 1906 in
341 1857 416 1907 eum
439 1839 580 1927 deligere
604 1840 709 1921 stude,
732 1840 813 1910 sicut
829 1840 922 1908 docet
940 1838 1097 1925 Propheta

130 1946 242 2014 dicens
255 1946 287 2012 ¹:
311 1945 535 2014 Prouidebaru
560 1947 742 2014 Dominum
766 1947 803 2014 iu
826 1953 1001 2034 coaepectu
1024 1963 1097 2013 meo

130 2071 274 2140 semper,
297 2051 458 2142 quoniam
482 2072 505 2120 a
528 2053 657 2121 deutris
679 2059 727 2120 ert
749 2051 844 2132 mitt,
879 2071 921 2119 ue
954 2070 1098 2120 commo-

130 2179 236 2240 uear,·
258 2161 321 2228 boo
343 2161 428 2228 enim
451 2161 591 2228 continet
614 2178 669 2228 cnr
691 2160 787 2246 apud
816 2179 863 2240 se,
891 2177 932 2228 ne
961 2176 1099 2227 commo·

130 2273 247 2336 reatm
271 2286 295 2334 a
316 2285 351 2332 se
373 2283 430 2352 per
454 2283 568 2334 ranam
594 2265 745 2334 laetitiam
770 2266 821 2334 vel
845 2265 1097 2335 irrationabilem

130 2372 305 2441 tristitiam.
330 2373 467 2441 Mundus
490 2372 586 2454 enim,
609 2372 642 2439 in
665 2391 730 2459 qno
760 2371 966 2454 fluctuamus,
997 2370 1097 2440 uariis

131 2485 359 2565 tempestatum
384 2479 486 2547 ventis
509 2487 540 2546 et
563 2478 711 2548 cladibus
733 2479 883 2565 agitatur,
907 2484 938 2546 et
959 2477 1015 2566 qui
1031 2497 1096 2546 non

131 2585 213 2667 volt,
237 2602 351 2653 navem
375 2585 480 2654 cordis
511 2587 561 2656 sui
596 2586 855 2673 quassationibus
889 2586 1020 2669 conteri,
1044 2585 1096 2655 uel

132 2693 296 2761 undarum
321 2692 497 2760 influxione
520 2692 675 2778 demergi,
699 2692 750 2760 vel
774 2694 806 2761 in
828 2701 957 2761 exteras
986 2693 1096 2780 plagas

133 2807 303 2868 ventorum
327 2797 457 2868 flatibus
480 2799 611 2886 impelli,
634 2799 764 2887 affigere
787 2818 857 2869 eam
889 2800 1020 2868 funibus
1044 2800 1096 2866 bo

131 2924 247 2974 narum
269 2906 495 2991 cogitationum
512 2913 674 2975 assuescat
690 2905 729 2973 ad
748 2912 871 2993 petram
888 2905 1095 2985 immobilem,

129 3021 227 3100 petra
251 3021 364 3079 autern
387 3019 434 3079 ert
459 3011 654 3092 Cbristus²;
677 3031 773 3099 quem
798 3013 917 3092 lunam,
941 3030 981 3079 ne
998 3012 1038 3079 de
1054 3011 1095 3078 ta·

132 3120 182 3186 cili
208 3126 390 3205 rumpatur,
414 3137 455 3186 ex
480 3119 595 3207 triplici
621 3121 771 3189 resticulo
794 3136 977 3206 componas,
1007 3117 1095 3186 ride·

133 3223 205 3292 licet
228 3243 270 3293 ex
295 3243 461 3292 sacrarum
485 3225 723 3312 scripturarum
750 3226 865 3293 devota
889 3223 1032 3304 lectione,
1052 3241 1094 3292 ex

133 3331 264 3400 sedulae
288 3332 439 3399 orationis
463 3332 704 3416 compunctione
720 3340 751 3400 et
767 3351 808 3400 ex
825 3332 982 3400 bonarum
998 3331 1094 3401 actio-

204 3471 276 3527 Ῥε.
298 3474 332 3527 ld
360 3473 385 3525 8.

204 3562 251 3616 ²l.
269 3514 394 3629 Con'lll,
416 3560 446 3628 i;
466 3562 617 3618 immediate
636 3567 696 3630 post
714 3564 852 3628 respicitur
872 3563 953 3618 Eccle.
974 3563 998 3630 t,
1020 3564 1062 3616 tn.
