2742 4320
264 236 328 304 3er
619 255 707 301 trouu
732 253 871 302 userius.

352 363 383 428 8.
408 361 488 428 llaec
511 368 559 427 est
583 361 722 427 hominis
746 360 777 426 in
803 361 862 427 bac
887 361 951 428 vita
973 360 1144 428 sublimior
1163 377 1238 446 per-

263 466 366 546 fectio,
389 467 432 534 ita
456 467 541 533 uniri
567 467 641 545 Deo,
666 475 701 532 ut
733 473 798 532 tota
822 465 938 546 anima,
971 484 1043 533 cum
1075 466 1238 532 omnibns

263 574 411 659 potentiis
436 574 557 642 suiset
581 573 705 640 viribus
729 573 759 638 in
786 573 886 640 Deurn
905 573 1047 652 collecta,
1063 593 1158 640 onus
1177 572 1239 640 liat

263 681 406 768 spiritus
430 701 507 748 curn
530 700 565 747 eo
583 681 607 761 ¹,
632 687 668 748 nt
692 679 735 746 nil
759 679 940 747 meminerit
963 680 1023 747 nisi
1047 679 1238 761 Deun1,nil

262 789 377 857 sentiat
394 789 442 856 vel
467 787 622 873 intelligat
639 787 697 854 nisi
722 787 836 867 Deum,
852 793 883 854 ol
906 803 1018 854 omnes
1035 786 1188 867 euectus,
1206 785 1241 852 in

261 895 381 963 amoris
405 895 521 978 patrdio
546 895 636 974 uniti,
654 894 768 961 insola
792 894 971 962 Conditoris
988 894 1137 962 fruitione
1162 911 1241 961 sua·

263 1001 344 1068 viler
368 1001 542 1087 quiescant.
567 1001 674 1086 Imago
701 1002 785 1068 enirn
820 999 874 1068 Dei
907 1000 939 1067 in
971 1001 1077 1068 anima
1111 1001 1144 1068 in
1185 1000 1242 1067 his

265 1108 368 1175 tribus
393 1109 540 1194 potentiis
563 1109 633 1175 eius
664 1125 820 1193 expressa
847 1108 1000 1188 consistit,
1025 1109 1178 1176 videlicet
1205 1108 1240 1175 in

263 1214 396 1294 ratione,
421 1215 575 1283 memorie
598 1223 629 1281 et
654 1215 826 1295 voluntate,
851 1223 882 1283 el
898 1216 1053 1302 quamdiu
1071 1215 1145 1282 illae
1170 1231 1239 1282 non

263 1330 338 1388 sunt
361 1339 402 1388 ex
427 1329 492 1389 tolo
515 1322 581 1388 Deo
605 1323 792 1408 impressae,
815 1340 877 1388 non
903 1330 950 1390 est
974 1323 1080 1390 anima
1110 1323 1240 1390 deifor-

263 1430 333 1495 mis.
358 1429 470 1494 Forma
494 1429 578 1495 enirn
604 1431 728 1496 animae
757 1428 842 1496 Deus
873 1436 932 1506 est,
955 1430 1006 1496 coi
1039 1429 1133 1496 debet
1171 1429 1239 1495 inr-

264 1534 359 1620 primi
384 1534 466 1602 sicut
489 1534 592 1618 sigillo
609 1536 779 1619 signatum.
798 1535 859 1601 lloc
883 1552 1048 1620 nunquam
1073 1534 1169 1620 plene
1188 1534 1238 1614 til,

264 1642 324 1708 nisi
349 1659 423 1708 curn
447 1641 538 1708 ratio
562 1640 699 1727 perfecte
725 1642 816 1706 iuxta
839 1641 1045 1728 capacitatem
1074 1659 1169 1708 suern
1198 1641 1236 1708 il-

264 1749 441 1816 luminetur
464 1747 505 1814 ad
529 1748 738 1833 cognitionem
766 1747 830 1826 liei,
853 1748 908 1834 qui
943 1755 993 1814 est
1023 1765 1152 1814 somnia
1178 1765 1235 1816 ve·

264 1855 351 1935 ritas,
364 1861 396 1921 et
410 1853 566 1920 uiolentos
582 1854 720 1939 perfecte
736 1853 874 1921 aflicitur
891 1855 931 1921 ad
948 1855 1122 1921 arnaudum
1139 1873 1235 1922 sorn-

264 1977 349 2026 rnern
375 1960 559 2039 bonitatem,
590 1969 622 2027 et
651 1959 816 2026 ntemorio
847 1959 939 2046 plene
962 1961 1156 2027 absorbetur
1189 1959 1231 2034 ad

170 2063 176 2073 '
269 2067 453 2135 intuendam
479 2076 510 2134 et
533 2067 701 2134 tenendam
726 2075 758 2133 et
781 2066 949 2134 fruendern
975 2084 1134 2134 surnmarn
1162 2067 1234 2134 feli-

264 2177 409 2255 citatem3
433 2183 465 2242 et
487 2175 563 2260 ouria
596 2176 626 2240 in
658 2175 776 2240 norun
809 2181 1029 2241 consummata
1060 2175 1233 2261 adeptione

264 2288 386 2349 constat
409 2281 509 2366 gloria
534 2281 749 2361 beatitudinis,
774 2299 856 2366 quiae
892 2281 1077 2368 perficietur
1109 2281 1141 2348 in
1174 2301 1232 2369 pa·

263 2388 334 2468 tria,
361 2389 468 2474 liquet,
492 2388 576 2474 qinod
603 2389 736 2455 istorum
755 2387 894 2474 perlecta
910 2389 1068 2456 inchoatio
1091 2397 1141 2456 est
1157 2407 1232 2474 per·

263 2493 356 2561 factio
381 2495 449 2560 riae
474 2494 505 2559 in
531 2494 590 2560 bac
614 2493 687 2560 vita.
712 2494 866 2578 Quamvis
889 2503 995 2561 autern
1028 2511 1141 2560 omnes
1166 2495 1233 2560 rir-

143 2631 147 2644 ·
264 2608 369 2681 tulino
395 2608 527 2668 conatus
543 2602 583 2669 ed
609 2602 691 2668 banc
706 2601 932 2687 perfectionem
950 2601 1081 2668 tendere
1098 2601 1233 2669 videan-

265 2715 330 2788 tur,
354 2717 459 2776 lernen
485 2707 665 2794 specialiter
689 2708 841 2774 orationis
864 2707 1008 2774 studium
1031 2708 1072 2775 ad
1096 2708 1159 2775 boc
1182 2709 1233 2776 ni·

264 2815 354 2892 titur,
376 2819 413 2880 ut
436 2815 633 2881 animatore
657 2812 819 2882 intellectu
836 2820 867 2882 et
882 2813 998 2881 effectu
1018 2821 1049 2880 et
1073 2815 1233 2882 memoria

263 2919 295 2986 in
308 2920 410 2986 Deum
427 2920 559 2999 lerator,
576 2921 661 3007 qtiia,
677 2921 747 2987 allis
764 2919 957 3007 postpositis,
972 2920 1029 2986 soli
1044 2920 1234 2988 Deoanlrna

263 3027 432 3094 inhaerere
455 3027 627 3107 desiderat,
650 3046 723 3096 cunt
748 3037 827 3093 orat.
853 3027 940 3094 Unde
970 3027 1123 3094 orationis
1155 3043 1232 3113 per·

265 3133 536 3214 fectioest,run1
562 3134 593 3202 id
618 3134 739 3202 obtinet
770 3134 887 3212 aniene,
918 3133 957 3200 ad
982 3132 1068 3219 quod
1105 3133 1231 3200 orando

264 3241 375 3320 tendit,
400 3248 435 3307 ut
458 3248 523 3307 tote
547 3241 588 3307 ab
612 3241 729 3307 infirnis
752 3239 923 3320 abstracta,
946 3238 1023 3308 solis
1040 3239 1232 3307 uniaturdi·

263 3348 355 3427 vinis,
382 3365 438 3415 neo
465 3347 573 3414 volens
590 3366 646 3414 nec
664 3346 772 3414 valens
788 3346 875 3413 aliud
893 3345 1011 3414 sentire
1031 3345 1091 3414 nisi
1113 3345 1227 3414 Deum

263 3453 306 3521 lbi
333 3471 408 3522 vere
431 3454 567 3540 quiescit
590 3454 706 3535 anima,
731 3453 773 3520 ibi
798 3452 966 3522 deliciatur
989 3454 1022 3521 in
1053 3452 1228 3541 splendore

336 3578 344 3613 ¹
365 3581 382 3632 l.
401 3577 462 3633 Cor.
480 3580 505 3646 6,
527 3580 569 3633 li.
