2808 4318
291 243 356 309 218
645 260 733 306 nmnn
756 257 894 306 nennius

291 366 394 433 virtus
417 364 568 444 consistit,
592 363 646 432 sed
671 362 828 450 quaedam
853 363 981 430 virtutis
1008 361 1125 429 umbra
1155 369 1189 430 et
1211 362 1257 429 la·

289 471 384 538 tentis
407 470 598 537 intrinsecus
621 469 849 537 demonstratio
882 468 1036 554 figuralis.
1072 467 1161 535 Unde
1195 467 1254 553 qui

290 579 358 646 istis
382 576 596 645 exterioribus
619 583 785 644 contentus
817 575 974 643 interiora
1004 576 1176 662 postponit,
1206 575 1254 644 sic

290 693 337 753 est
359 684 450 770 quasi
476 685 531 770 qui
555 684 703 751 corticem
730 684 779 750 vel
802 689 917 751 testam
941 700 1074 750 vacuam
1099 683 1169 750 sine
1192 700 1256 748 nn-

289 791 357 859 cleo
379 790 485 858 babel.

546 1027 547 1038 ¹
618 1003 801 1070 Gnrrnnnun
823 1003 926 1069 XXIX.

289 1216 354 1285 Sec
375 1216 513 1283 virtutis
536 1224 723 1304 tepumerrta
750 1215 799 1283 od
825 1216 974 1283 decorem
1001 1224 1033 1283 et
1058 1215 1252 1284 custodiam

552 1323 690 1390 virtrrtr's
713 1323 873 1391 ordinato
895 1332 983 1390 serat.

379 1539 406 1603 l.
431 1536 572 1604 Primum
596 1546 645 1603 est
668 1534 803 1603 babitare
825 1536 970 1603 exterior
995 1538 1025 1603 in
1050 1535 1195 1604 restibus
1217 1547 1251 1606 et

286 1651 428 1723 tonsura,
451 1662 533 1730 quae
557 1643 581 1711 si
607 1662 664 1731 par
689 1661 723 1711 se
748 1644 938 1730 Religiosnm
970 1644 1120 1725 iacerent,
1153 1647 1250 1713 etiam

287 1751 398 1818 simiae
423 1750 473 1818 vel
497 1751 656 1819 moriones
681 1751 824 1838 Religiosi
846 1751 1092 1837 turonensibus
1108 1751 1182 1819 talis
1198 1752 1253 1818 ba·

287 1858 374 1924 bitus
398 1858 588 1943 quandoque
611 1858 796 1925 ioculatorie
818 1859 984 1926 formatur.
1001 1858 1061 1926 Sed
1079 1857 1159 1926 baec
1174 1867 1251 1942 sunt

285 1970 408 2030 tantum
433 1963 523 2049 signa
546 1964 746 2043 interiorum,
769 1965 853 2033 sicut
867 1965 1008 2032 circulus
1022 1965 1063 2032 ad
1080 1966 1249 2033 tabernam

283 2078 395 2156 potum
420 2070 563 2138 venalem
588 2070 742 2157 designat,
770 2080 801 2139 et
832 2072 987 2139 vexillum
1019 2089 1117 2156 snper
1148 2071 1250 2140 accle-

285 2177 364 2245 siam
389 2178 555 2245 denuntiat
578 2177 819 2246 dedicationem.
836 2179 924 2246 Unde
940 2179 965 2245 si
982 2178 1072 2262 signa
1087 2177 1169 2246 laisa
1184 2177 1250 2246 ine

283 2285 359 2364 rint,
382 2284 586 2370 decipiuntur
610 2285 765 2365 homines,
787 2294 936 2372 putantes
960 2285 1103 2354 invenire
1130 2285 1248 2372 signiti-

283 2401 370 2472 cata;
394 2393 438 2459 ita
462 2392 502 2460 de
525 2392 599 2460 licto
623 2393 787 2478 Religioso,
810 2393 865 2478 qni
897 2395 1042 2461 exterius
1069 2396 1102 2460 in
1133 2395 1247 2463 babitu

284 2499 464 2584 praetendit
487 2499 572 2585 quod
597 2517 659 2565 non
683 2499 779 2566 babet
803 2500 834 2566 in
859 2500 1003 2568 moribus
1026 2509 1058 2569 et
1081 2502 1113 2568 in
1137 2502 1213 2570 rita.

374 2607 404 2672 i.
429 2605 611 2676 Secundum
635 2613 711 2672 sunt
726 2605 905 2672 exteriores
921 2606 1177 2676 commerciales
1192 2607 1246 2676 ob·

283 2713 485 2792 serpentine,
510 2721 546 2781 ut
569 2712 797 2794 inclinationes,
820 2713 1068 2800 geniculationes
1090 2715 1123 2782 in
1147 2716 1247 2796 boris,

283 2819 479 2906 pulsationes
502 2827 534 2887 et
556 2836 666 2886 omnes
682 2819 945 2904 gesticulationes
960 2819 1078 2906 quibus
1094 2821 1248 2890 claustra·

284 2927 330 2994 les
352 2933 491 2994 utuntur
515 2927 545 2993 in
570 2925 678 2993 divino
702 2925 813 2994 Officio
837 2926 886 2993 vel
909 2927 943 2993 in
965 2927 1047 3006 aliis,
1067 2927 1111 2995 'de
1127 2928 1246 3016 quibus

282 3050 377 3119 saepe
399 3034 507 3100 minus
530 3033 665 3102 virtuosi
693 3035 845 3101 maiorem
862 3034 928 3100 vim
943 3034 1063 3102 iaciunt
1077 3053 1175 3120 quam
1190 3035 1246 3103 ali

282 3141 337 3228 qui
360 3140 489 3226 perlecti
514 3148 546 3208 et
569 3140 669 3225 magis
692 3140 810 3208 devoti.

372 3247 514 3314 Tertium
537 3255 613 3315 sunt
635 3266 745 3314 mores
761 3247 940 3316 exteriores
954 3246 1129 3335 compositi
1141 3256 1174 3316 et
1188 3265 1244 3316 ex·

283 3352 438 3422 terinrum
455 3372 580 3420 morum
598 3353 765 3441 disciplina
781 3355 811 3422 in
831 3355 998 3441 loquendo,
1013 3354 1244 3442 ingrediendo,

287 3459 319 3527 in
344 3459 441 3528 totius
464 3461 607 3547 corporis
630 3467 733 3548 gestu,
756 3480 820 3548 qua
842 3461 937 3530 ctiam
966 3462 1104 3530 curiales
1134 3479 1246 3530 saecu·

280 3552 365 3633 lares
388 3574 463 3633 sont
486 3568 765 3648 commendabiles,
789 3576 820 3636 et
850 3569 1023 3637 saecularis
1052 3567 1156 3636 virtus
1186 3586 1243 3656 ap
