2776 4316
308 234 374 300 296
663 252 752 300 crocu
776 251 915 300 renrrus

308 356 422 436 cimus,
439 355 512 423 licet
527 356 567 423 de
584 357 652 440 ipso
668 357 795 424 interim
814 375 875 422 non
892 357 1078 441 cogitemus.
1098 357 1156 422 Ad
1170 355 1260 420 Deum

309 471 456 530 moretur
480 464 511 528 in
537 463 679 542 lectione,
704 463 734 529 in
770 463 937 530 collatione
972 473 1005 530 et
1035 464 1145 550 aliqua
1176 461 1259 526 medi·

309 570 436 648 tatione,
460 570 590 655 quando
612 570 653 636 dc
677 570 741 634 Deo
764 570 921 656 estquod
947 580 1023 637 tunc
1048 578 1154 635 mente
1173 583 1263 632 uersa·

309 693 392 754 mus,
416 682 449 742 et
482 676 621 761 quodam
647 676 742 742 modo
772 676 868 742 circo
891 677 1005 754 Deum,
1030 677 1082 744 sed
1111 677 1144 740 in
1170 675 1263 759 ipsum

309 783 400 868 qnasi
424 780 463 848 ad
489 781 662 848 secundam
687 799 856 867 personam
895 783 1010 849 mentis
1034 783 1187 848 intuitum
1211 796 1264 844 nou

309 889 489 973 dirigimus.
521 889 562 954 Io
594 889 699 954 Deum
731 899 879 955 moretur
902 890 934 954 in
967 893 1123 968 oratione,
1148 884 1266 973 quando

310 1012 400 1062 mens
424 995 528 1080 ipsum
553 993 669 1078 cogitat
691 1001 723 1059 et
747 994 852 1079 ipsum
877 994 1063 1080 alloquitur,
1080 995 1189 1079 ipsum
1204 1007 1264 1056 am·
1356 995 1357 1008 ¹

309 1101 459 1186 plectitur
493 1101 587 1186 eique
619 1100 735 1166 aflectu
767 1099 945 1167 devotionis
979 1101 1147 1167 adhaeret.
1183 1093 1265 1181 Quod

309 1216 416 1274 autem
442 1209 557 1274 horum
580 1208 691 1274 utilius
707 1209 749 1274 sit
762 1207 973 1293 simpliciter,
991 1209 1172 1286 sciendum,
1187 1203 1265 1290 quod

309 1315 401 1394 illud,
418 1316 503 1401 quod
522 1316 622 1400 magis
646 1316 715 1381 unit
739 1316 900 1382 hominem
922 1335 996 1382 com
1022 1317 1098 1396 lieo,
1113 1332 1189 1382 cum
1207 1320 1263 1377 tola

309 1421 473 1488 beatitudo
508 1420 645 1487 hominis
669 1421 710 1488 sit
741 1423 772 1487 in
804 1421 906 1488 Deum
943 1421 1178 1488 transformari.
1208 1417 1266 1484 ilia

309 1536 414 1594 tamen
439 1529 551 1616 quood
573 1528 656 1616 quid
678 1529 872 1615 quandoque
896 1529 1024 1595 utiliora
1040 1538 1127 1608 sunt,
1144 1536 1181 1596 ut
1200 1541 1264 1594 oum

310 1642 440 1720 propter
475 1636 688 1702 obedientiam
724 1637 773 1702 vel
805 1637 970 1702 caritatem
1003 1636 1146 1722 proximi
1170 1631 1262 1700 oratio

259 1731 263 1738 ’
309 1742 540 1820 intermittitur,
564 1749 596 1808 et
618 1741 770 1827 operibus
795 1742 921 1827 pietatis
945 1742 1115 1821 insistitur,
1133 1741 1182 1808 rel
1197 1753 1261 1805 cum

309 1848 453 1927 discitur,
477 1848 510 1914 in
544 1865 609 1935 quo
644 1849 745 1934 magis
767 1849 808 1915 ad
841 1849 1077 1935 beneplacitum
1115 1849 1180 1916 neo
1208 1860 1264 1912 ser·

310 1954 425 2021 viatur.

647 2135 831 2202 Cnerrncnu
856 2135 926 2202 Llll.

460 2312 506 2376 De
530 2311 638 2378 tribus
661 2311 770 2378 modio
793 2312 930 2391 orandi,
953 2319 983 2378 et
1004 2311 1118 2398 primo

616 2418 655 2483 de
677 2417 788 2485 vocali
809 2419 970 2486 oratione.

402 2600 430 2664 l.
454 2597 573 2664 Orandi
598 2605 665 2664 tres
687 2603 763 2664 suut
788 2597 891 2664 modi:
916 2616 1001 2664 unus
1024 2596 1152 2665 uocalis
1168 2603 1199 2664 et
1213 2607 1262 2681 per

311 2705 409 2771 verba
433 2706 608 2789 composita
631 2714 662 2771 et
686 2705 812 2785 usitata,
830 2705 912 2772 sicut
927 2723 1001 2771 cum
1018 2705 1171 2790 psalmos,
1188 2705 1264 2788 hym·

311 2829 378 2889 nos,
401 2812 549 2878 collectas
574 2812 622 2878 vel
647 2812 726 2878 alias
749 2811 908 2878 orationes
931 2820 963 2878 et
999 2811 1111 2878 laudes
1147 2824 1262 2895 compo

291 2918 387 3006 ‚sitas
410 2918 450 2985 ad
475 2918 677 2986 excitandam
703 2919 904 2985 devotionem
929 2918 979 2985 rel
1003 2918 1193 2986 solvendum
1220 2914 1261 2982 de

311 3024 412 3091 bitum
440 3026 611 3092 recitamus
625 3025 643 3090 ¹.
670 3025 788 3092 intente
812 3034 919 3092 autem
936 3033 968 3091 et
984 3025 1133 3093 distincte
1158 3024 1263 3092 donent

313 3132 449 3211 recitari,
474 3141 510 3198 ut
533 3132 684 3199 orationis
708 3132 842 3198 formam
868 3140 899 3199 et
916 3133 1066 3199 meritum
1084 3133 1205 3218 possint
1220 3131 1262 3196 lu·

311 3239 396 3312 bere.
429 3239 487 3324 Qui
522 3257 594 3306 cum
627 3239 770 3324 principe
803 3245 930 3305 terreno
966 3238 1050 3325 loqui
1075 3247 1108 3305 et
1132 3258 1192 3325 pro
1214 3250 1263 3306 sm

310 3346 446 3412 utilitate
478 3364 592 3430 rogare
627 3346 788 3413 desiderat
824 3345 964 3430 linguam
1000 3355 1032 3412 et
1068 3355 1205 3413 utentem
1238 3348 1263 3408 et

310 3453 420 3520 oculos
443 3461 474 3519 et
499 3471 604 3520 mores
628 3453 819 3539 compositos
843 3453 962 3519 haltere
986 3452 1110 3520 laborat
1124 3462 1157 3519 et
1172 3460 1264 3520 atten-

381 3573 391 3606 ¹
411 3579 550 3645 Sequentia
571 3593 656 3646 usquc
674 3593 701 3631 n.
720 3580 745 3631 2.
764 3578 859 3632 desunt
878 3579 903 3630 ln
922 3579 977 3631 sola
998 3578 1056 3632 ilat.
1074 3585 1101 3632 et
1119 3577 1163 3632 cd.
1185 3579 1206 3630 Ι.
