2808 4318
311 233 376 298 alu
671 247 759 296 nmen
782 248 918 296 runnus.

309 357 449 444 perlecta
472 365 504 424 et
526 357 654 443 impura
677 361 752 422 sunt
786 373 828 423 ex
862 355 970 434 nobis;
1005 365 1037 422 et
1071 355 1173 422 multa
1208 355 1274 423 alia

308 463 386 531 dant
408 463 500 530 nobis
522 462 689 529 materiam
713 461 951 529 humiliationis.
973 461 1090 528 Verum
1107 461 1194 528 enim
1211 471 1273 542 est,

307 589 365 638 nos
388 588 457 638 esse
482 570 560 638 viles
583 577 614 636 et
638 572 757 656 inopes,
773 577 805 636 et
819 575 972 655 quantum
990 585 1032 636 ex
1049 567 1109 636 bac
1125 569 1275 637 aestima·

308 677 391 745 tione
415 677 592 758 deviamus,
616 683 738 744 tantum
763 693 910 744 erramus
933 693 952 743 a
974 677 1117 744 veritate.

642 888 825 957 Cnrrrunurr
847 890 936 957 XXV.

329 1103 464 1171 Sextum
488 1111 625 1170 estesse
648 1101 800 1170 moribus
822 1111 997 1171 moturum
1021 1115 1050 1170 et
1072 1104 1254 1172 seriosunv.

396 1315 527 1383 Sextum
552 1324 610 1395 est,
634 1321 670 1383 ut
694 1315 734 1383 sit
767 1323 927 1383 moturus
950 1323 980 1382 et
1007 1315 1158 1383 serimus
1193 1335 1268 1385 cum

304 1421 442 1508 quadam
467 1421 622 1490 moeroris
645 1421 824 1501 dulcedine,
848 1441 910 1489 non
934 1441 1008 1490 oum
1032 1423 1127 1490 taedii
1153 1426 1269 1491 amari·

307 1528 417 1595 tudine
441 1527 491 1596 vel
515 1530 666 1597 rancoris.
691 1529 813 1595 Morum
838 1529 950 1596 levitas
973 1535 1076 1615 polest
1091 1529 1268 1616 aliquando

303 1635 407 1703 inesse
430 1635 576 1702 bonoad
601 1633 724 1715 boram,
748 1634 803 1702 sed
832 1635 946 1703 devoto
976 1652 1152 1722 nunquam,
1184 1637 1265 1704 dnm

302 1750 350 1810 est
374 1741 519 1822 devotus,
542 1742 625 1809 siout
648 1742 833 1828 exemplum
858 1742 1014 1810 babemus
1036 1743 1067 1808 in
1092 1743 1171 1812 viris
1196 1761 1268 1832 per-

301 1849 401 1931 lectis,
426 1867 506 1935 quos
530 1849 615 1916 leves
639 1849 669 1916 in
694 1849 839 1917 moribus
862 1856 893 1916 et
927 1848 967 1916 ad
1003 1850 1105 1917 risum
1140 1851 1192 1919 rel
1224 1853 1265 1919 ad

301 1955 406 2024 iocum
430 1973 547 2042 pronos
579 1957 742 2024 rarissime
776 1957 932 2024 videmus.
965 1956 1052 2024 Unde
1086 1975 1161 2025 oum
1199 1965 1266 2026 tam

300 2063 379 2130 utile
403 2064 443 2130 sit
466 2063 587 2131 homini
611 2081 681 2131 esse
704 2064 736 2130 in
760 2064 861 2144 luctu,
885 2063 957 2158 ideo
981 2063 1091 2132 beatos
1115 2065 1192 2133 dicit
1208 2065 1269 2134 Do

301 2171 428 2238 minus¹
452 2170 504 2239 bic
528 2171 672 2258 tepentes
696 2178 726 2238 et
750 2178 796 2238 tot
818 2189 931 2239 causas
962 2172 1069 2240 luctus
1097 2174 1144 2240 eis
1175 2173 1268 2242 dedit

300 2285 331 2346 et
354 2279 493 2346 ostendit
516 2296 575 2366 pro
598 2298 632 2346 se
655 2280 750 2365 ipsis,
774 2298 833 2366 pro
852 2279 1021 2365 proximis
1053 2287 1084 2348 et
1116 2298 1175 2366 pro
1199 2281 1267 2348 Do-

300 2384 411 2450 mino:
436 2403 494 2470 pro
517 2404 552 2451 se
575 2385 670 2470 ipsis,
694 2385 769 2471 quia
793 2391 974 2470 peccatores
997 2393 1081 2465 suut,
1097 2384 1201 2452 Deum
1218 2385 1262 2452 oi·

298 2490 469 2558 lenderunt
503 2500 535 2559 et
558 2492 700 2578 quotidie
723 2490 897 2569 oflendunt,
921 2491 1031 2578 inopes
1058 2499 1133 2560 sunt
1164 2491 1266 2560 virtu·

298 2604 379 2678 tum,
403 2597 493 2665 tarde
518 2598 697 2685 proficiunt,
721 2598 857 2684 expositi
882 2598 969 2665 mille
985 2598 1147 2685 perieulis
1164 2607 1197 2668 et
1212 2599 1267 2668 ad·

299 2704 363 2772 huo
387 2705 488 2787 dubii,
511 2725 551 2772 an
576 2706 780 2785 damnentur,
808 2705 918 2773 multis
950 2706 1086 2774 miseriis
1116 2707 1265 2788 involuti,

299 2810 393 2878 alieni
417 2830 436 2877 a
459 2811 534 2892 Deo,
558 2812 681 2880 exclusi
706 2829 850 2898 aregnn,
867 2811 957 2898 proni
975 2812 1015 2880 ad
1033 2813 1168 2893 malum,
1185 2814 1265 2880 mul·

195 2975 201 2988 .
299 2917 338 2983 tls
362 2915 527 3004 suppliciis
550 2918 679 2986 obnoxii
703 2919 825 2999 mortis,
850 2919 1036 3006 purgatorii,
1060 2920 1185 2988 inferni.
1203 2920 1265 2987 Pro

295 3025 476 3110 proximis,
500 3025 721 3112 compatiendo
743 3027 949 3113 pauperibus,
972 3025 1108 3106 afflictis
1139 3026 1266 3113 pericli·

299 3132 449 3213 tentibus,
473 3133 687 3219 peccantibus,
712 3133 911 3214 damnandis,
931 3134 1070 3214 tentatis
1086 3133 1263 3214 subversis,

298 3237 452 3323 expositis
488 3238 646 3306 similibus
681 3239 784 3320 malis,
818 3239 936 3326 quibus
970 3247 1001 3306 et
1025 3239 1176 3325 nosipsi.
1202 3239 1264 3306 Pro

298 3343 376 3420 Deo,
402 3345 624 3431 compatiendo
646 3345 717 3412 eius
740 3345 876 3431 passioni
900 3352 932 3412 et
952 3344 1077 3413 iniuriis
1092 3362 1111 3411 a
1126 3344 1264 3431 perfidis

296 3459 328 3518 ot
352 3452 572 3538 peccatoribus
595 3452 623 3519 ei
649 3452 789 3539 quotidie
812 3451 909 3520 illatis
931 3459 963 3519 et
986 3451 1195 3520 subversione
1213 3451 1264 3520 iu-

368 3571 378 3603 ²
397 3573 448 3628 Cir.
467 3575 553 3630 ldattlr.
573 3578 599 3643 b,
618 3577 644 3630 5.
