2792 4318
295 215 337 280 80
636 233 724 280 arene
748 233 920 280 secunuus.

294 343 497 422 praesentant
520 337 675 405 exterius.
699 337 787 405 Unde
810 338 1004 418 Gersonitae,
1027 339 1081 424 qni
1107 338 1263 425 interpre

295 451 404 510 tantur
428 443 587 523 aduenae,
612 453 759 510 extrema
789 444 986 512 tabernaculi
1010 444 1192 532 portabant,
1216 453 1262 512 te-

295 558 392 629 ctum,
417 551 555 618 cortinas
589 558 620 617 et
655 551 824 631 funiculos,
847 552 922 638 quia
946 552 1018 618 novi
1044 551 1075 617 iu
1102 550 1263 636 Religioue

296 676 353 744 pro
378 675 493 742 magno
517 656 635 724 babent
659 658 840 744 praedictas
863 658 1082 725 observantias
1118 658 1262 726 studiose

295 782 435 843 servare,
458 764 613 849 quamdiu
639 764 770 831 meliora
802 764 958 833 virtutum
983 765 1090 832 studia
1125 784 1188 832 non
1213 783 1263 832 eo-

295 879 460 958 gnosaunt.
473 872 564 938 Haec
579 880 698 952 autem,
711 873 888 940 secuudum
906 873 1052 939 [laminil
1070 874 1263 940 seutentiam

295 978 455 1064 loquentis
478 978 518 1045 ad
555 978 740 1062 pharisaeos
775 979 816 1046 de
848 978 979 1046 urinulis
1013 978 1131 1046 talibus
1155 979 1265 1047 obser-

296 1085 411 1152 vantiis
434 1084 724 1164 caerimonialibus,
748 1085 895 1171 aportuit
915 1083 1030 1172 facere
1051 1093 1081 1152 et
1104 1085 1177 1165 illac,
1202 1086 1264 1154 sci-

296 1192 370 1258 licet
394 1191 536 1269 meliora,
559 1210 626 1257 aaa
657 1190 814 1258 omittere.
847 1229 891 1240 -
922 1191 962 1257 In
992 1193 1153 1257 erectione
1185 1208 1264 1258 vera

296 1296 506 1364 tabernaculi
529 1297 579 1363 isti
604 1297 787 1364 Gersonitae
810 1297 857 1364 ad
872 1297 1105 1364 accidentalem
1117 1296 1262 1384 playam

291 1412 366 1488 post
389 1401 644 1470 tabernaculam
669 1401 1014 1480 castrametabantur,
1030 1404 1106 1488 quia
1130 1402 1186 1488 qui
1206 1402 1260 1469 liic

295 1516 442 1574 extrema
465 1509 496 1573 in
514 1509 676 1575 exercitiis
692 1509 850 1576 virtutum
869 1527 999 1576 serrare
1016 1511 1154 1577 contenti
1173 1517 1261 1588 sunt,

295 1617 326 1681 iu
350 1615 459 1682 lutura
483 1633 555 1682 cnm
582 1617 751 1701 postremis
775 1624 806 1683 et
829 1617 921 1702 qnasi
947 1617 977 1681 in
994 1634 1110 1684 occasu
1134 1617 1212 1684 solis
1229 1617 1261 1682 in

295 1721 460 1789 humiliori
485 1721 603 1806 gloriae
628 1721 799 1807 splendore
822 1721 1023 1790 locabuntur.

384 1829 415 1894 d.
440 1829 576 1896 Secundi
601 1828 746 1914 Religiosi
772 1829 927 1914 designati
952 1838 1027 1896 sunt
1063 1848 1120 1915 per
1155 1831 1264 1896 Mera·

295 1935 395 2014 ritae,
419 1937 473 2022 qui
500 1936 751 2022 interpretantur
775 1937 904 2014 amari,
933 1946 964 2004 et
998 1935 1182 2022 portabant
1216 1945 1263 2004 ta·

296 2042 392 2110 balas
416 2042 627 2111 tabernaculi
660 2053 689 2110 et
725 2044 899 2111 columnas
930 2053 959 2111 ct
994 2043 1125 2112 creater'
1150 2053 1183 2113 et
1207 2045 1263 2112 illa

297 2150 446 2228 illexime,
462 2166 544 2234 quae
565 2149 649 2216 dura
671 2159 763 2216 erant
784 2158 816 2216 et
838 2150 944 2216 media
968 2150 1051 2218 inter
1074 2151 1215 2218 cortinas
1230 2159 1263 2218 et

295 2257 522 2324 sanctuarium.
548 2257 581 2322 lli
605 2265 692 2337 suut,
716 2258 770 2343 qui
795 2258 910 2324 duram
937 2257 1033 2324 vitam
1052 2257 1262 2342 incorporali

295 2364 523 2431 exercitatione
547 2373 687 2444 servant,
703 2365 879 2449 affligentes
895 2382 1032 2450 corpora
1047 2382 1106 2432 sua
1124 2363 1262 2442 ieiuniis,

295 2470 411 2554 vigiliis
427 2478 459 2536 et
474 2471 545 2538 aliis
571 2471 735 2538 laboribus
759 2470 992 2556 corporalibus,
1008 2478 1040 2538 et
1058 2478 1184 2557 putant,
1201 2471 1262 2536 boc

296 2593 459 2643 summum
486 2578 515 2642 in
542 2576 710 2661 Religionis
734 2578 937 2644 observantia
954 2595 1034 2657 esse,
1051 2585 1083 2644 et
1098 2577 1262 2644 interioris

295 2681 474 2749 dulcedinis
498 2682 610 2767 ignari,
626 2683 666 2750 de
685 2684 769 2750 veris
793 2683 948 2750 virtutum
973 2683 1099 2764 studiis,
1123 2701 1208 2769 quae
1229 2685 1259 2748 in

295 2790 408 2878 spiritu
434 2797 465 2856 et
490 2798 593 2856 mente
618 2797 702 2869 sunt,
727 2807 841 2876 parum
866 2799 990 2857 curant.
1015 2790 1061 2870 lli,
1078 2791 1154 2877 qnia
1178 2790 1209 2856 in
1227 2807 1261 2856 se

295 2897 368 2966 sicci
386 2904 461 2965 snnt
476 2904 509 2964 ct
523 2897 593 2964 aliis
611 2897 641 2964 in
659 2897 831 2966 iudicanda
846 2899 949 2966 severi
967 2897 1070 2966 solent
1086 2915 1168 2976 esse,
1181 2897 1262 2964 bene

295 3003 412 3070 amari
434 3021 492 3070 seu
516 3003 746 3070 amaricantes
774 3004 836 3072 dici
853 3007 1005 3090 'possunt
1031 3004 1067 3071 Et
1094 3003 1171 3090 quia
1199 3020 1262 3070 me

295 3111 384 3178 dirim
410 3111 462 3179 bic
486 3112 568 3178 inter
592 3119 775 3179 extremum
800 3119 832 3178 et
847 3111 1004 3196 optimum
1022 3111 1054 3177 in
1071 3109 1179 3178 studio
1197 3109 1262 3176 rir-

297 3225 401 3284 tutum
427 3226 544 3286 statum
572 3218 765 3298 babuerunt,
782 3218 813 3284 in
830 3219 987 3286 erectione
1004 3217 1179 3284 sanctuarii
1197 3235 1259 3283 non

297 3331 366 3408 post
390 3325 506 3411 ipsum,
524 3325 577 3394 sed
599 3343 639 3392 ex
667 3325 764 3392 latere
781 3325 828 3392 act
842 3323 1032 3413 aquilonem
1048 3324 1153 3391 locum
1173 3341 1263 3390 man·

296 3430 393 3498 sionis
417 3433 606 3508 sortiuntur,
630 3431 686 3500 ubi
712 3431 815 3498 minor
831 3431 918 3498 calor
941 3431 1017 3498 solis
1040 3438 1071 3498 et
1088 3430 1145 3496 lnx
1162 3449 1261 3517 quarn

367 3551 376 3583 ¹
397 3556 482 3608 llnttb.
504 3557 546 3622 23,
566 3557 610 3610 tt.
789 3555 800 3591 ²
818 3555 897 3610 Num.
907 3556 932 3623 3,
946 3556 980 3607 33
993 3569 1069 3623 seqq.
1079 3561 1105 3609 et
1115 3555 1263 3623 balsan.
1375 3611 1377 3618 ,
