2738 4316
276 231 316 277 ne
339 230 566 279 courosrrroun
588 230 717 279 uomurs
740 231 931 281 nurneroms.
1045 217 1087 281 27

215 337 246 404 3.
270 337 350 404 Haeo
375 338 415 404 sit
439 338 592 423 sapientia
629 346 682 404 tua
715 345 746 405 et
783 339 945 405 meditatio
980 348 1035 407 tua
1058 347 1090 408 et

123 445 269 510 studium
296 453 385 510 tunm
412 461 539 528 semper
554 444 675 529 aliquid
693 446 732 512 de
750 444 820 530 ipso
836 447 986 531 cogitare,
1003 446 1089 514 unde

124 551 176 617 rel
212 551 395 635 provoceris
430 551 470 618 ad
507 550 697 617 imitandum
727 569 812 631 eum,
856 553 905 618 rei
940 552 1090 620 afficiaris

122 659 164 724 ad
190 676 264 724 enm
289 658 474 724 amandum.
499 657 586 723 Talia
610 658 694 723 enirn
725 658 907 726 meditando
938 668 970 726 et
993 660 1091 727 rumi-

123 765 231 831 nando
255 772 286 830 et
318 772 445 849 tempus
477 764 598 830 utiliter
621 765 788 849 expendis,
820 766 896 831 dnm
922 767 1089 852 occuparis

122 870 156 936 iu
180 871 272 936 honis
296 870 412 936 studiis
436 870 521 937 eirea
546 871 651 956 ipsum
676 871 847 938 Dominum
873 873 976 940 lesum
1002 874 1089 942 Chri·

122 985 221 1056 stum,
245 984 276 1042 et
300 995 406 1044 mores
422 984 494 1043 tuos
510 978 662 1045 emendas
678 979 717 1044 ad
735 979 870 1045 sormam
890 981 972 1046 vitae
989 981 1089 1066 ipsius

121 1091 155 1152 et
178 1085 438 1151 conversationis.
463 1085 594 1170 Semper
624 1086 663 1152 ad
688 1086 793 1172 ipsum
832 1088 1013 1173 respiciens,
1037 1107 1088 1156 co-

121 1191 198 1276 gite,
229 1190 368 1276 qualiter
398 1191 466 1276 ipse
499 1209 532 1258 se
564 1193 594 1258 iu
631 1192 680 1259 nis
715 1194 863 1260 habuerit
888 1196 938 1261 rel
970 1195 1088 1262 habere

120 1297 264 1382 potnerit
298 1297 476 1362 seeundum
512 1299 762 1366 aestimationem
800 1288 908 1381 tuam,
945 1301 1020 1386 quia
1055 1301 1086 1365 iu

118 1403 273 1470 omnibus
310 1420 436 1489 semper
468 1405 588 1490 optimo
621 1405 715 1473 modo
746 1415 777 1474 et
802 1407 1031 1491 perfectissimo
1053 1424 1088 1473 se

119 1510 265 1597 gerebat,
291 1511 344 1596 qui
371 1509 401 1576 iu
426 1512 575 1578 omnibus
599 1530 726 1599 semper
751 1515 891 1598 optimus
916 1521 973 1580 est.

465 1653 648 1720 Currruuuu
673 1655 747 1720 ΧΧΙ.

374 1796 418 1861 De
442 1797 656 1862 ostentatione
679 1797 838 1864 cavendo.

216 1940 245 2003 1.
262 1938 294 2003 ln
311 1938 469 2018 omuibus,
486 1957 568 2025 quae
584 1939 671 2019 fanis,
688 1957 764 2006 cave
782 1940 893 2006 vitium
910 1941 1088 2008 ostentatio

116 2045 170 2112 uis
195 2052 227 2111 et
252 2046 427 2112 iactantiae.
453 2046 524 2113 Esto
548 2048 662 2132 planus
686 2047 717 2112 in
741 2047 901 2127 omuibus
930 2049 1087 2116 sicutne·

117 2160 171 2219 oet
197 2152 388 2237 Religiosnm
413 2162 444 2219 et
468 2172 653 2238 pauperem.
670 2153 735 2220 Non
760 2173 854 2222 eures
870 2155 1023 2222 curialem
1041 2155 1088 2220 iu·

115 2275 249 2326 cessum
287 2258 335 2324 vel
371 2268 479 2346 gestus
511 2259 659 2340 curiales
694 2279 752 2328 nee
778 2279 886 2328 rocem
923 2261 1087 2329 curialiter

114 2366 251 2451 frangas
275 2367 306 2432 in
331 2367 497 2447 cantando,
522 2367 607 2454 quia,
631 2368 656 2434 si
674 2369 803 2454 quaeris
827 2369 889 2436 Deo
904 2371 1031 2454 plaeere
1055 2369 1087 2435 in

117 2473 290 2552 cantando,
315 2483 401 2552 tuno,
426 2481 545 2560 quanto
580 2474 654 2559 plus
685 2476 862 2542 cantaveris
889 2477 1086 2563 simpliciter,

116 2585 210 2645 tanto
234 2580 334 2664 magis
357 2581 386 2646 ei
411 2580 560 2664 placebis.
584 2581 614 2646 Si
639 2582 769 2666 quaeris
797 2582 998 2650 auditoribus
1023 2582 1088 2668 pia-

117 2701 206 2764 eere,
230 2684 332 2752 inanis
356 2687 457 2771 gloria
480 2695 545 2764 est;
569 2687 595 2754 si
621 2688 675 2754 tini
709 2689 844 2774 placeas,
868 2707 950 2755 rana
977 2690 1086 2755 levitas

116 2798 189 2867 est;
210 2791 238 2872 si
264 2792 514 2860 aedificationem
543 2793 728 2861 auditorum
755 2795 784 2860 iu
809 2796 965 2862 cantando
989 2812 1087 2882 quae-

117 2898 178 2978 ris,
203 2908 321 2985 quauto
346 2901 446 2984 magis
481 2901 637 2967 cautando
670 2901 839 2968 vanitatem
876 2902 969 2987 sugis
1001 2909 1087 2968 tanto

118 3006 225 3090 magis
247 3006 397 3072 aedificas
420 3024 539 3074 omues.
575 3007 687 3074 Cernis
718 3008 918 3075 devotionem
943 3015 974 3075 et
999 3007 1087 3091 puri-

116 3117 219 3178 tatem
245 3111 329 3178 Deus
354 3111 453 3196 magis
476 3113 610 3179 attendit
634 3131 730 3199 quam
755 3113 960 3180 sonoritatem
987 3113 1086 3193 roris;

117 3219 209 3287 unde
235 3237 364 3286 versus:

193 3344 248 3396 Non
268 3358 328 3410 vox,
348 3344 396 3397 sed
415 3352 516 3412 votum,
537 3359 587 3398 non
607 3344 704 3398 chorda
725 3346 866 3411 musicum,
887 3345 933 3398 sed
955 3359 1013 3412 oor;

192 3433 249 3487 Non
269 3435 377 3500 elamor,
399 3434 444 3487 sed
465 3449 540 3488 amor
558 3441 633 3488 sonat
652 3434 677 3486 in
698 3448 761 3487 aure
781 3434 827 3486 Dei
841 3431 861 3488 ¹.

192 3556 203 3589 ¹
224 3559 254 3610 Hi
274 3573 368 3611 versus
386 3561 464 3613 sumti
483 3565 544 3613 sunt
562 3574 593 3612 er
612 3559 672 3613 cod.
691 3561 720 3612 Α.
