2808 4318
648 263 736 311 ninus
760 243 897 310 neurius

643 474 826 541 Cnmrunmr
841 475 889 542 lV.

346 662 390 756 De
413 689 555 757 diversis
579 689 748 777 speciebus
771 657 1007 770 tentationum,
1024 699 1056 756 et
1077 691 1192 777 primo

515 797 554 863 de
575 797 802 866 subtractione
825 798 1015 884 deuotionis.

378 1016 407 1080 1.
433 1012 548 1080 Multae
572 1020 647 1080 suut
669 1021 777 1080 autem
804 1013 1011 1080 tentationum
1036 1013 1170 1099 speeies.
1188 1013 1257 1080 Una

288 1127 335 1188 est
358 1119 542 1187 subtractio
565 1129 595 1186 et
617 1119 732 1205 inopia
762 1118 951 1186 devotionis.
978 1119 1058 1186 llaec
1086 1127 1136 1186 est
1161 1119 1253 1205 qnasi

287 1227 394 1295 aditus
417 1227 554 1294 aliarum
578 1226 798 1306 tentationum,
815 1225 899 1313 quia,
917 1228 942 1293 si
967 1225 1141 1293 consolatio
1162 1227 1257 1294 dero

287 1335 382 1403 tionis
405 1334 540 1416 adesset,
563 1334 644 1402 aliae
669 1335 856 1402 tentationes
872 1334 993 1402 nullam
1019 1335 1069 1402 vel
1094 1335 1254 1403 minorem

288 1443 440 1510 virtutem
464 1441 628 1522 haberent,
652 1458 726 1509 eom
750 1441 818 1526 ipsa
841 1442 882 1508 sit
897 1442 987 1528 quasi
1005 1441 1122 1509 domus
1137 1442 1255 1529 refugii

289 1549 330 1616 ab
346 1549 431 1616 omni
449 1548 667 1627 tribulatione3
684 1548 864 1616 resinosa
878 1548 1042 1615 Dominus
1056 1546 1145 1615 milti
1158 1548 1256 1616 odito

291 1666 354 1737 tor,
378 1666 408 1724 et
430 1677 487 1744 eqo
511 1656 694 1744 despiciam
718 1656 872 1723 inimicos
889 1675 997 1734 meos,·
1014 1657 1108 1723 item:
1127 1655 1167 1724 Si
1180 1675 1255 1723 oon·

290 1763 413 1831 sistunt
423 1763 602 1830 adeersum
620 1781 672 1828 me
687 1772 816 1841 castro,
833 1781 899 1828 nont
916 1761 1039 1829 timebit
1054 1780 1115 1828 eor
1131 1780 1255 1828 metm.

290 1869 458 1938 Subtiaeto
492 1887 568 1956 ergo
603 1876 667 1936 tam
703 1869 857 1955 singulari
893 1869 1026 1954 refugio,
1050 1869 1147 1934 homo
1177 1887 1257 1956 quo

290 1977 364 2044 dam
389 1977 483 2044 modo
507 1977 639 2044 inermis
660 1977 827 2062 expositus
850 1982 899 2043 est
929 1975 1074 2043 hostibus
1111 1976 1257 2043 teundo

290 2100 379 2164 num,
403 2090 434 2151 et
458 2082 529 2150 ideo
552 2083 689 2169 pavidus
717 2081 855 2150 efficitur
877 2088 909 2148 et
944 2080 1168 2167 pusillanimis,
1192 2081 1257 2150 nisi

289 2189 364 2258 fidei
388 2197 420 2256 et
442 2188 508 2275 spei
532 2188 682 2256 firmitate
706 2206 740 2256 se
765 2188 888 2256 muniat
908 2195 940 2255 et
963 2187 1115 2274 patientia
1137 2195 1170 2255 et
1197 2187 1259 2256 hu·

290 2296 422 2364 militate
446 2313 480 2364 se
504 2296 662 2377 defendat,
685 2314 768 2383 quae
793 2303 868 2363 tuno
900 2296 1040 2362 maxime
1064 2295 1184 2364 habent
1214 2295 1258 2364 lo

291 2419 365 2471 eum
389 2403 559 2472 exercendi
584 2421 619 2471 se
642 2410 674 2471 et
706 2421 854 2489 magnam
878 2403 1012 2490 gloriam
1036 2404 1256 2488 promerendi.

381 2513 411 2578 t.
436 2509 535 2577 Fides
558 2510 600 2577 ibi
626 2511 792 2596 probatur,
809 2510 834 2578 si
852 2510 971 2590 eredat,
988 2527 1064 2576 vera
1085 2527 1157 2577 esse
1172 2527 1258 2597 quae

291 2619 354 2686 iam
379 2617 472 2685 desiit
495 2635 552 2703 per
588 2625 719 2704 gustum
755 2616 933 2685 dulcedinis
964 2615 1118 2702 experiri.
1143 2616 1258 2684 Dulcia

292 2724 386 2791 nimis
409 2731 484 2792 sont
507 2724 623 2805 omnia,
652 2741 734 2810 quae
765 2723 806 2792 de
829 2724 894 2791 Deo
917 2722 1090 2804 eredimus
1115 2723 1172 2791 sed
1196 2742 1258 2812 gu-

254 2847 255 2850 ’
292 2838 361 2900 stus
384 2849 496 2900 eorum
512 2816 592 2898 ‘ideo
627 2830 829 2898 subtrahitur
853 2826 965 2912 'bonis
989 2837 1025 2898 ut
1046 2829 1130 2898 fides
1153 2832 1258 2918 magis

292 2941 445 3008 inuitatur
480 2938 660 3006 auctoritati
689 2930 872 3025 Scriptura'e
907 2956 1004 3025 quam
1035 2937 1258 3026 experientiae

292 3045 441 3133 propriae
475 3053 507 3112 et
539 3045 639 3129 magis
674 3063 716 3112 ex
747 3044 808 3112 hoo
845 3043 1007 3111 meritoria
1030 3042 1081 3109 sit.
1105 3080 1152 3093 -
1175 3042 1258 3130 Spes

292 3153 458 3240 probatur,
493 3152 519 3220 si
555 3151 703 3233 confidat,
739 3151 841 3219 Deum
876 3149 937 3219 sibi
967 3167 1037 3217 esse
1067 3149 1257 3236 propitium,

293 3260 387 3327 etiam
412 3260 490 3327 dum
514 3258 663 3346 flagellat,
686 3266 719 3326 et
742 3258 785 3324 ita
808 3257 950 3326 studiose
974 3257 1103 3325 studeat
1133 3257 1163 3326 ei
1187 3273 1256 3327 ser-

292 3366 361 3435 vire
384 3374 416 3434 et
439 3366 566 3454 plaeere
597 3365 628 3432 io
665 3364 824 3446 omnibus,
847 3363 911 3432 aosl
944 3363 1057 3432 sentiat
1080 3370 1114 3430 et
1138 3362 1256 3444 rideat,

293 3490 367 3540 eum
392 3473 452 3541 sibi
476 3490 546 3542 esse
570 3471 742 3560 placatum.
771 3470 859 3539 Unde
882 3469 1068 3538 lbrahum¹
1093 3469 1256 3550 laudatur,

366 3598 374 3632 ¹
395 3599 434 3650 Ps.
457 3597 515 3664 117,
532 3597 559 3650 7.
577 3605 603 3651 et
622 3599 664 3663 td,
685 3598 709 3650 3.
844 3592 952 3650 ’llum
971 3593 995 3662 1,
1016 3596 1059 3648 18.
1078 3596 1121 3650 20.
1144 3609 1200 3664 seq.
