2742 4320
276 271 316 320 nn
339 271 382 318 vn
404 269 617 320 raocnssrnns.
640 270 813 320 rnocnssns
837 271 890 320 vu.
1000 253 1065 323 373

103 379 137 444 in
163 376 312 445 torculari
337 377 386 444 rel
411 377 513 444 olivas
529 378 568 448 in
592 377 682 465 prelo
713 377 818 445 subito
849 377 943 446 nimis
974 379 1067 448 rebe·

103 492 228 553 menter
251 485 443 571 comprimit,
467 483 572 572 liquor
597 486 698 570 magis
732 483 883 553 turbidus
906 495 937 554 et
962 487 1066 574 insipi-

102 594 167 662 dus
189 591 330 680 profluit,
354 609 451 678 quam
469 593 494 660 si
510 592 666 680 paulatim
691 593 888 660 moderatius
904 611 1065 681 compres-

102 700 206 768 sisset.
230 699 300 785 Qno
323 699 407 766 enim
433 697 574 779 liberior,
597 716 636 766 eo
659 697 808 785 pinguior
831 698 1008 766 devotionis
1023 697 1067 765 al·

101 807 215 875 fectus.
239 806 312 874 ldeo
334 805 397 872 alio
422 813 565 892 tempore
594 791 689 892 saepo
719 812 768 872 est
791 805 887 872 bomo
911 805 1065 886 devotior,

101 914 180 1000 quia
203 921 278 981 tunc
302 912 435 999 spiritns
459 929 535 980 suae
559 910 698 979 libertati
731 911 862 980 relictus
897 920 1008 1000 sponte
1032 930 1066 980 se

101 1022 208 1088 elevat
230 1019 261 1088 in
286 1019 434 1088 sublime.
459 1019 601 1088 Violenta
616 1037 755 1106 namque
771 1019 958 1088 acceleratio
974 1037 1065 1106 prae-

102 1128 185 1196 locat
208 1127 357 1213 spiritum
381 1126 476 1194 etiam
501 1125 532 1192 in
556 1143 709 1212 corpore3
733 1143 860 1196 morosa
882 1135 990 1194 autem
1015 1144 1067 1195 re·

101 1235 234 1322 spiratio
257 1235 364 1302 cordis
387 1233 587 1319 refrigeratio
610 1240 668 1301 est.

193 1343 225 1409 8.
249 1332 373 1428 Quinta
389 1340 469 1408 ratio
501 1347 697 1426 potestesse
728 1340 886 1408 meritum
920 1341 1065 1408 motoris

98 1450 237 1538 proriae
252 1457 283 1517 et
303 1448 445 1536 gloriae,
462 1448 539 1515 dnm
557 1447 752 1516 desiderium
770 1466 832 1516 non
856 1448 1065 1535 adimpletum

102 1557 273 1643 affligendo
297 1563 413 1642 purgat
435 1555 585 1632 animam,
602 1563 633 1623 et
650 1540 801 1640 patientia
816 1556 1019 1625 desolationis
1035 1564 1067 1624 et

102 1663 237 1732 bumilis
260 1661 445 1732 sufferentia
468 1662 625 1729 moeroris
648 1662 739 1748 quasi
771 1662 848 1729 lima
871 1663 977 1732 reddit
999 1663 1067 1731 ani·
1149 1715 1154 1728 .

103 1789 190 1838 mam
222 1770 391 1839 clariorem
423 1777 455 1836 at
487 1770 588 1855 magis
618 1767 855 1854 susceptibilem
886 1770 1067 1856 splendoris

103 1876 204 1945 divini
228 1883 259 1944 et
282 1875 448 1964 amplioris
470 1876 591 1961 gratiae
614 1881 647 1942 et
669 1874 789 1958 gloriae
813 1893 970 1961 capacem.
995 1877 1066 1945 Lux

103 1983 190 2051 enirn
215 1981 403 2050 vultus-Dei
435 1988 467 2050 et
496 1981 602 2068 fulgor
634 1980 787 2050 claritatis
817 1983 887 2050 eins
917 1983 1067 2052 omnibus

102 2089 280 2176 aequaliter
303 2089 520 2175 superfulget3
544 2089 598 2175 qni
623 2097 732 2157 autem
765 2089 876 2177 purior
908 2099 956 2159 est
986 2099 1017 2159 et
1048 2110 1067 2159 a

105 2197 183 2265 vitio
205 2197 397 2265 obscurante
421 2196 552 2264 liberior
586 2197 688 2282 magis
711 2215 814 2284 capax
845 2206 895 2267 est
926 2199 1005 2267 lucis
1036 2209 1067 2267 et

102 2299 345 2372 illuminationis
361 2303 501 2391 desuper
517 2301 690 2382 induentis,
707 2304 789 2372 sicut
806 2305 924 2373 vitrum
941 2306 1065 2374 clarum

104 2409 157 2478 rel
170 2409 336 2477 meullum
354 2410 434 2477 bene
451 2409 597 2477 limatum
614 2419 645 2477 et
659 2409 796 2497 politum
814 2411 920 2478 radios
936 2410 1067 2480 luminis

103 2516 244 2602 amplius
268 2516 381 2603 recipit
403 2522 435 2584 et
459 2515 659 2602 splendidius
681 2515 830 2585 efficitur.
865 2517 946 2601 Quia
970 2517 1066 2603 igitur

102 2623 233 2692 afflictio
256 2623 333 2690 lirna
355 2631 405 2690 est
428 2623 563 2703 animae,
594 2641 677 2709 quae
709 2623 890 2710 rubiginem
915 2624 1066 2693 vitiorum

102 2729 242 2810 abradit,
270 2738 317 2810 ut,
349 2728 477 2798 deterso
507 2738 646 2816 peccato,
669 2730 755 2815 qnod
787 2747 846 2798 sna
873 2729 1067 2801 obscuritate

102 2835 213 2903 radios
236 2835 334 2903 divini
360 2835 495 2921 fulgoris
517 2835 607 2903 velut
641 2835 724 2904 obex
756 2837 797 2903 ab
819 2837 926 2904 anima
955 2838 1067 2906 exelu-

103 2951 200 3023 serat,
232 2943 335 3011 lucem
368 2941 489 3028 gratiae
524 2951 715 3028 recuperet;
740 2951 855 3030 purgat
891 2944 975 3012 Deos
1009 2945 1066 3013 ali-

104 3050 234 3137 quando
257 3050 447 3119 devotorum
479 3049 578 3117 corda
609 3067 667 3136 per
699 3050 947 3118 subtractionem
980 3051 1066 3120 illius

104 3156 339 3237 consolationis,
363 3156 465 3224 cuius
479 3157 621 3225 carentia
645 3157 786 3225 maxima
802 3167 851 3226 est
865 3158 912 3226 eis
927 3158 1065 3239 afflictio,

104 3269 141 3330 ut
170 3263 215 3330 sic
239 3263 365 3349 purgati
390 3263 530 3351 aptiores
561 3261 639 3331 fiant
668 3263 911 3332 abundantioris
945 3265 1066 3351 gratiae

104 3367 328 3456 percipiendae
352 3369 383 3436 in
400 3369 559 3455 praesenti
576 3377 607 3437 et
624 3369 743 3455 gloriae
758 3369 789 3436 in
806 3370 926 3449 tuturo,
941 3371 1065 3439 etiamsi

105 3477 188 3544 banc
215 3475 416 3544 afflictionem
440 3475 587 3563 specialis
613 3477 727 3562 eulpae
755 3477 870 3544 merito
900 3495 962 3544 non
997 3495 1068 3546 con·

105 3583 274 3652 traxerint.
