2742 4320
286 243 351 326 360
639 275 728 322 creon
752 275 892 322 ronrrus.

284 382 390 469 ipsum
414 380 576 446 Christum
602 379 651 446 vel
674 380 744 448 eius
768 379 1026 462 gloriosissimam
1055 377 1250 444 Genitricem

284 493 316 555 et
340 505 402 552 non
426 485 529 553 solum
554 484 759 571 amplexibus
782 491 815 550 et
837 483 966 563 osculis,
990 484 1044 550 sed
1061 483 1156 550 etiam
1172 480 1251 548 aliis

238 677 240 680 .
283 591 552 660 indecentioribus
576 591 719 678 gestibus
741 598 773 658 et
792 590 917 658 actibus
933 589 975 656 ab
998 589 1044 656 eis
1059 587 1252 666 demulceri,

283 707 330 777 nt,
355 698 438 766 sicut
460 685 593 783 spiritus
617 699 761 782 ipsorum
785 695 920 764 interius
942 695 984 762 ab
1008 695 1086 782 ipsis
1107 694 1253 762 consola·

286 813 340 872 tur
363 804 583 891 spiritualiter,
607 804 650 870 ita
674 813 705 870 et
733 821 807 871 caro
838 803 982 870 exterius
1012 802 1072 869 sibi
1103 818 1252 886 congruo

283 912 501 979 oblectationis
524 929 620 978 seusu
644 909 837 978 sensibiliter
861 909 1084 978 demulceatur
1112 917 1147 974 et
1180 925 1252 974 car·

282 1019 397 1085 naliter
421 1018 611 1085 consoletur.
636 1017 727 1102 Quod
753 1036 814 1083 non
839 1024 962 1083 tantum
988 1033 1058 1084 esse
1081 1015 1199 1082 falsum
1218 1021 1252 1082 et

283 1121 1250 1210 seductorium,sedetiamblasphemiegrerisesse,liquido

283 1233 519 1317 comprobatur.
545 1232 682 1316 Spiritus
706 1232 805 1298 sancti
842 1231 990 1311 visitatio,
1021 1231 1103 1297 sicut
1134 1236 1251 1296 contra

282 1341 389 1406 monia
412 1339 488 1405 vitia
511 1338 716 1425 reprimenda
739 1346 771 1404 et
793 1337 980 1405 detestanda
996 1335 1189 1414 infunditur,
1205 1337 1251 1402 ite

282 1446 376 1512 etiam
402 1445 607 1531 singulariter
631 1453 741 1512 eontra
765 1445 909 1512 carnales
927 1443 1095 1531 illecebras
1116 1444 1252 1529 opponi·

283 1560 354 1632 tur;
377 1559 409 1620 et
432 1553 486 1619 ubi
512 1553 644 1638 spiritus
668 1552 845 1619 munditiae
873 1570 932 1618 suo
964 1551 1076 1618 iubare
1108 1551 1252 1636 resplen-

282 1660 399 1738 duerit,
416 1659 565 1726 continuo
581 1675 691 1726 omnes
714 1677 832 1744 pravae
849 1658 1022 1745 voluptatis
1046 1664 1153 1724 motus
1177 1674 1251 1724 era·

281 1783 411 1833 nescere
423 1773 454 1832 et
466 1765 555 1833 velut
568 1765 725 1845 tenebras,
738 1764 983 1850 superveniente
999 1763 1129 1842 lumine,
1143 1763 1251 1848 dispe-

281 1889 353 1938 rere
378 1889 505 1938 necesse
528 1878 584 1938 est.
603 1909 645 1920 -
663 1872 707 1938 lle
723 1871 774 1937 bis
793 1888 879 1950 vero,
899 1871 965 1956 qui,
981 1887 1056 1936 cum
1072 1869 1250 1955 aliquando

283 1975 484 2044 dnlcedinem
509 1978 708 2064 spiritualem
725 1977 876 2056 sentiunt,
893 1977 1043 2044 continuo
1059 1977 1155 2042 etiam
1180 1993 1250 2044 cor·

282 2082 401 2169 poralis
425 2083 641 2150 delectationis
665 2084 792 2169 pruritu
810 2083 905 2149 illecti
930 2082 1111 2161 foedantur,
1126 2082 1248 2160 neseio,

282 2191 359 2276 quid
379 2191 528 2269 iudicem,
546 2191 604 2257 nisi
621 2191 707 2276 quod
726 2188 831 2275 potius
847 2189 931 2274 eligo
947 2188 1009 2257 iltis
1032 2205 1143 2256 carere
1158 2188 1250 2256 llori·

281 2296 352 2374 bus,
376 2315 457 2382 quos
481 2295 521 2364 de
546 2296 603 2363 luti
628 2297 777 2365 sordibus
801 2296 907 2382 legere
923 2297 1085 2364 deberem.
1111 2297 1146 2363 Et
1163 2296 1250 2364 sieut

280 2403 352 2470 illos
377 2404 530 2470 damnare
553 2421 616 2469 non
640 2402 754 2482 audeo,
777 2404 832 2488 qui
868 2403 955 2470 inriti
988 2403 1184 2488 quandoque
1214 2402 1248 2470 in

282 2510 467 2597 huiusmodi
492 2509 713 2596 spiritualibus
736 2509 956 2578 allectionibus
972 2509 1110 2578 carnalis
1133 2507 1249 2576 dnxus

281 2616 406 2702 liquore
430 2617 652 2696 maculantem
677 2619 720 2683 ita
738 2617 838 2683 etiam
863 2634 1021 2684 excusare
1044 2615 1162 2698 nescio,
1190 2617 1248 2703 qui

280 2722 334 2788 tati
359 2720 463 2788 lluxni
479 2740 521 2790 ex
539 2739 695 2790 consensu
712 2723 981 2802 condelectantur,
996 2723 1246 2809 qualiscumque

281 2843 392 2894 eorum
419 2829 549 2896 intentio
574 2829 730 2896 rideatur.

598 3042 782 3109 Cnerrucuu
802 3001 918 3110 bXVll.

456 3254 577 3320 Plures
601 3264 680 3321 sont
702 3255 795 3322 modi
816 3253 1069 3322 revelationum.

371 3470 398 3533 l.
426 3466 588 3536 devotatio
608 3476 804 3537 secretorum
821 3467 871 3534 rel
887 3467 1070 3536 futurorum
1094 3469 1249 3556 pluribus

279 3571 382 3640 modis
418 3573 485 3641 fieri
522 3574 660 3656 ridetur,
692 3575 724 3641 in
756 3576 874 3662 quibus
905 3575 988 3644 sicot
1013 3575 1249 3647 inlisionibus
