2808 4318
281 213 346 278 aba
641 229 730 280 nmen
753 229 891 278 ruamus.

275 352 320 403 -ne
344 334 458 403 tierent
479 334 568 405 sicot
591 335 652 415 dii,
675 334 813 402 scientes
837 334 959 402 bonnm
974 344 1006 402 et
1020 335 1150 404 malurn
1166 337 1190 414 ¹,
1214 343 1250 404 et

280 442 372 509 cuius
396 442 607 528 transgressio
630 460 844 529 nequaquam,
868 443 951 511 sicut
972 442 1058 511 Deus
1073 444 1250 512 commiua-

281 557 334 616 tus
357 549 472 628 luerat,
502 556 638 616 ntortem
669 549 813 635 corporis
835 559 867 617 et
890 549 1015 622 animae
1038 557 1249 619 mereretur?

280 654 422 722 Credidit
453 655 550 740 igitur
583 654 735 742 iusipiens
767 654 883 723 molier
916 655 996 724 falso
1020 655 1189 741 interpreti
1210 664 1247 724 et

281 745 441 827 consensit
471 760 629 840 suadenti,
659 761 711 828 coi
744 777 947 847 nequaqnam
971 761 1194 842 consensisset,
1216 761 1246 829 si

275 865 447 933 consilium
473 867 543 935 eius
566 866 721 934 falleret
744 867 856 935 inutile
880 866 1076 935 credidisset.

369 973 401 1040 lt.
426 973 492 1039 Non
517 980 623 1040 tamen
646 973 837 1059 putandum,
853 974 938 1060 quod
956 973 1096 1041 conditio
1112 973 1249 1060 Religio-

281 1072 390 1146 sorum
414 1079 554 1149 deterior
579 1079 660 1148 faeta
683 1079 724 1146 sit
755 1097 796 1146 ex
831 1079 1010 1148 voluntaria
1033 1080 1157 1148 altioris
1181 1080 1247 1150 voti

280 1185 500 1272 promissione,
524 1205 562 1254 eo
585 1188 671 1274 quod
703 1186 743 1255 de
774 1187 925 1255 strictiori
949 1194 1044 1273 ponte
1068 1187 1192 1255 facilior
1214 1195 1249 1256 et

281 1292 489 1379 periculosior
513 1294 553 1361 sit
577 1293 686 1380 lapsus
710 1311 807 1381 quam
831 1294 872 1362 de
898 1293 1011 1362 latiori.
1036 1295 1097 1362 Sed
1126 1303 1248 1380 quanto

280 1397 440 1466 difficilior
465 1399 524 1482 ria,
548 1408 636 1466 tanto
659 1408 812 1486 sequetur
829 1401 930 1466 maior
946 1401 1058 1485 gloria,
1073 1408 1106 1468 et
1126 1409 1249 1488 quanto

280 1505 469 1574 laboriosior
492 1525 609 1592 pugna,
632 1514 721 1574 tento
737 1506 906 1593 gloriosior
923 1507 1120 1594 triumphus.
1136 1507 1247 1574 ratem

279 1621 387 1682 autem
412 1613 558 1682 timorem
583 1613 704 1682 altioris
728 1613 930 1700 perfectiouis
953 1613 1065 1682 incutit
1091 1614 1249 1700 Religioso

281 1725 339 1787 aut
361 1719 617 1804 pusillanimitas,
641 1728 697 1789 aut
712 1719 918 1788 formidolosa
935 1721 1075 1801 tentatio,
1092 1728 1150 1788 aut
1165 1720 1249 1789 inre·

280 1832 403 1894 teratus
427 1832 528 1913 tepor,
551 1845 626 1913 quo,
649 1827 745 1913 primi
762 1826 899 1894 ferroris
914 1827 1034 1894 oblitus
1049 1837 1079 1894 ct
1090 1827 1248 1913 primam

280 1932 458 2000 caritatem
491 1933 718 2022 relinquens&
743 1934 854 2002 horret
883 1934 980 2001 altam
1016 1935 1112 2014 riam,
1147 1951 1248 2020 quam

280 2056 451 2124 eggressus
473 2038 589 2119 luerat,
612 2046 745 2125 stupens
776 2039 951 2126 praecipitii
980 2037 1191 2124 profundum,
1213 2047 1247 2107 et

280 2145 401 2213 fastidit
425 2144 566 2213 laborem
592 2163 727 2232 pugnae,
751 2146 830 2214 dum
854 2163 916 2212 uon
942 2144 1029 2213 ridet
1052 2145 1247 2230 praemium,

280 2268 350 2332 nec,
372 2251 455 2319 sicut
474 2251 579 2332 debet,
595 2251 757 2320 desiderat
772 2253 856 2338 quod
876 2253 1031 2338 sequitur.
1049 2252 1138 2320 Unde
1154 2252 1248 2339 prius

280 2358 521 2444 inprobatione
545 2358 656 2426 debuit
679 2358 884 2439 deliberasse,
916 2358 953 2438 si,
983 2357 1095 2424 votem
1128 2357 1248 2446 oedifi-

280 2483 360 2532 core
376 2464 502 2532 terrim
517 2465 719 2550 evangelicae
734 2464 946 2552 perfectionis,
963 2461 1098 2532 baboel
1110 2473 1249 2534 sumtus

279 2572 452 2641 constantis
474 2573 611 2640 ferroris
633 2573 681 2640 od
699 2571 955 2659 perficiendum,
979 2578 1016 2640 ut
1039 2572 1156 2640 ultima
1179 2572 1247 2659 pri·

280 2680 342 2746 mis
366 2679 588 2765 respondeant,
610 2698 652 2745 ne
683 2687 810 2766 posteo,
840 2697 918 2746 cuca
947 2678 1099 2766 posuerit
1120 2675 1247 2766 fiendo·

279 2793 427 2852 montom
450 2784 532 2852 altae
555 2785 772 2871 professionis,
787 2793 818 2854 et
831 2804 898 2852 oon
910 2785 1058 2872 potnerit
1070 2783 1246 2872 perficere,

280 2891 363 2960 sicut
386 2898 544 2978 coeperat,
565 2909 607 2959 er
624 2891 797 2960 voluntatis
813 2900 933 2978 tepore,
949 2909 1062 2958 omnes
1078 2892 1248 2978 incipient

276 2997 421 3068 ,illudere
443 2998 485 3077 ei,
509 3004 574 3065 tam
599 2997 746 3066 homines
768 3017 865 3085 quam
882 2998 1065 3079 daemones,
1081 2997 1245 3068 ementes:

280 3105 345 3172 Hic
362 3102 457 3172 bomo
473 3104 576 3192 coepit
599 3103 782 3190 aedificare
812 3114 842 3172 et
871 3123 938 3172 non
958 3105 1070 3192 potnit
1092 3123 1246 3174 coaeum·

279 3227 376 3277 more
387 3209 410 3288 ³,
434 3211 518 3278 sicut
541 3217 705 3278 structura
721 3210 907 3297 imperfecta
923 3218 955 3278 et
971 3209 1126 3280 labefacta
1141 3217 1246 3280 osteo·

280 3316 327 3385 dit
349 3317 519 3385 structoris
542 3316 712 3384 deiectum.

351 3455 360 3488 ¹
380 3459 445 3512 Gen.
465 3459 491 3526 3,
509 3457 536 3513 f.
553 3473 629 3527 seqq.
831 3456 945 3525 ’Apoc
963 3459 988 3525 2,
1008 3457 1034 3512 f.

347 3545 359 3578 ⁸
380 3547 442 3603 Luc.
463 3547 505 3615 ll,
524 3549 568 3601 28.
588 3562 664 3616 seqq.
