2776 4316
301 241 368 308 hil
660 259 749 307 umus
771 260 910 308 ruurms.

301 362 532 432 hootiliuotso
548 364 584 430 io
612 363 767 430 omnihus
780 365 801 444 ¹,
822 383 905 451 qnae
929 363 1048 431 hahent
1072 370 1176 430 totum
1204 362 1270 429 red·

301 470 412 538 dentes
436 470 492 550 illi,
515 489 533 536 a
556 489 621 556 quo
645 478 747 537 totum
772 471 907 550 hahent3
931 470 1007 556 quia
1023 470 1100 536 lorti
1127 487 1206 536 reus
1224 479 1270 538 est
1380 539 1381 544 ,

300 559 356 663 put
380 576 439 644 snt
464 576 586 662 aliquid
611 577 725 644 retinet
749 577 789 644 oe
813 578 874 657 ns,
898 595 981 663 quae
1004 576 1065 643 stoi
1089 584 1165 643 sun
1190 593 1270 644 com-

301 683 440 764 modata,
463 683 562 750 invito
585 683 731 764 Domino,
764 703 836 751 cum
873 685 941 771 ipse
975 685 1074 751 dieat:
1113 682 1271 750 Gloriam

301 807 410 856 meum
434 788 535 856 alteri
556 808 623 855 oon
647 788 733 856 daho
748 789 769 855 ².
796 789 974 858 Profectum
1007 790 1099 856 nohis
1132 789 1270 873 liheuter

300 898 515 963 communicat
538 896 570 963 in
595 896 686 963 honis
710 897 788 976 suis,
812 897 868 965 sed
892 897 1025 982 gloriam
1049 896 1111 963 sihi
1137 905 1256 963 servat.

392 1002 422 1069 3.
460 1003 549 1088 Quod
581 1011 687 1070 autem
723 1022 791 1070 noo
824 1023 945 1070 somus
979 1003 1127 1070 similiter
1163 1010 1272 1069 mouet
1381 1033 1382 1038 1

302 1127 359 1176 uos
383 1109 556 1190 humiliari,
581 1110 656 1198 qnia
680 1127 761 1177 vana
785 1117 816 1178 et
839 1111 942 1178 inanis
966 1109 1133 1194 gloriaest
1156 1109 1270 1177 extolli

289 1217 342 1284 'de
365 1234 414 1296 eo,
437 1217 525 1303 qood
549 1235 609 1283 non
635 1225 693 1297 est,
726 1218 814 1284 velut
838 1217 863 1284 si
893 1218 996 1284 lutum
1029 1217 1199 1303 glorietur,
1234 1233 1270 1285 se

300 1341 370 1392 esse
393 1342 522 1403 aurum,
552 1331 584 1390 et
608 1342 711 1390 nanus
742 1323 847 1404 iactet,
871 1341 905 1392 se
939 1341 1009 1391 esse
1033 1325 1206 1410 gigantem,
1238 1332 1272 1391 et

301 1431 467 1498 mendicus
491 1430 611 1509 credat,
634 1448 669 1497 se
700 1447 770 1498 esse
802 1448 921 1516 regem,
948 1439 980 1497 et
1003 1431 1164 1516 Aethiops,
1196 1431 1272 1498 nire

301 1537 538 1615 candidiorem3
561 1537 764 1622 Apoealypsis
781 1537 811 1602 ⁸:
838 1537 942 1616 Dinis,
966 1537 1049 1626 quio
1072 1537 1165 1604 dives
1189 1557 1271 1604 sum

301 1652 330 1712 et
353 1642 481 1710 nullius
504 1662 590 1730 epeo,
614 1651 644 1710 et
667 1644 786 1724 mesols,
809 1643 892 1732 puio
916 1653 952 1710 to
972 1663 1005 1710 es
1035 1644 1141 1710 miter
1163 1654 1193 1711 et
1209 1645 1273 1711 mi·

300 1750 455 1819 errabitis
478 1759 509 1816 ot
527 1769 660 1836 pauper
684 1760 713 1817 et
735 1769 856 1817 ruerus
879 1759 909 1817 et
942 1751 1066 1817 nudus.
1104 1751 1184 1818 haee
1221 1761 1275 1820 est
1383 1829 1384 1850 χ

300 1859 466 1928 humilitas
490 1876 670 1944 pauperum
694 1866 725 1925 ot
750 1857 1020 1944 imperfectorum,
1043 1859 1111 1944 qui,
1125 1861 1272 1928 conside

301 1974 370 2033 rata
393 1984 453 2033 sua
487 1965 592 2051 inopia
621 1974 653 2032 et
687 1965 926 2051 imperfectione
960 1965 991 2032 in
1028 1967 1274 2050 comparatione

301 2071 507 2138 sublimitatis
523 2071 671 2150 aliorum,
692 2069 839 2137 resiliunt
862 2071 894 2136 in
919 2087 953 2136 se
969 2078 1000 2136 et
1022 2087 1064 2137 ex
1083 2070 1203 2138 iudicio
1221 2089 1273 2140 re

253 2183 257 2194 ’
301 2177 404 2245 ritatis
428 2177 655 2264 sibimetipsis
679 2177 846 2244 vilescunt.
870 2176 920 2242 Sic
935 2176 1092 2244 Dominus
1116 2195 1174 2244 nos
1198 2195 1273 2246 cae

300 2303 354 2352 eos
378 2283 494 2350 natos⁴
517 2301 576 2369 per
599 2283 698 2350 nostri
717 2285 927 2368 ignorantiam
952 2291 984 2352 et
1007 2284 1062 2350 Dei
1096 2283 1273 2366 illuminat,

299 2409 368 2471 nos,
385 2390 504 2469 lutum,
521 2390 608 2458 unde
624 2391 698 2458 laeti
724 2409 847 2471 summ,
868 2391 1012 2458 liniendo
1027 2409 1131 2476 super
1154 2391 1273 2460 ocutos

299 2506 436 2579 nostros,
471 2507 507 2564 ut
541 2498 646 2584 primo
670 2498 859 2582 incipiamus
883 2499 1049 2584 nosipsos
1077 2515 1273 2583 agnoscere,

300 2605 416 2672 deinde
441 2605 545 2690 ipsum
565 2604 812 2672 illuminatorem
831 2612 976 2671 nostrum
994 2604 1156 2673 credendo
1173 2605 1270 2692 proni

300 2712 445 2779 adorare.
472 2712 517 2778 Ex
542 2712 608 2778 luto
633 2713 738 2778 visum
764 2711 875 2797 recipit
906 2711 962 2796 qui
997 2729 1040 2778 ex
1075 2712 1273 2782 conditionis

299 2820 449 2905 propriae
473 2818 642 2904 fragilitate
667 2836 701 2886 se
725 2819 829 2905 ipsum
856 2817 1044 2887 humiliatus
1068 2822 1224 2905 agnoseit

389 2925 420 2991 l.
446 2925 615 3011 Triplieem
633 2943 709 2992 vero
726 2924 938 2994 humilitatem
956 2925 1076 2993 hahere
1092 2925 1271 2994 debemus:

299 3031 439 3099 humiles
463 3032 547 3098 enim
571 3050 641 3099 esse
665 3032 821 3100 dehemus
845 3032 881 3098 in
904 3032 1011 3110 nohis,
1044 3032 1188 3100 humiles
1221 3033 1275 3102 ud

295 3139 506 3225 proximum,
531 3139 670 3206 humiles
685 3139 733 3205 orl
748 3139 864 3206 Deum.
881 3177 925 3189 -
941 3141 983 3206 Io
998 3139 1093 3206 nohis
1109 3139 1272 3208 dehemus

299 3262 369 3314 esse
394 3246 543 3336 humiles,
560 3246 770 3332 nosmetipsos
786 3263 827 3313 ex
845 3246 1097 3315 consideratione
1118 3247 1272 3334 propriae

371 3404 381 3436 ²
402 3408 478 3459 Ecctt.
497 3407 522 3472 3,
542 3407 591 3460 20:
612 3405 720 3471 Quanto
739 3419 859 3476 mappas
878 3419 915 3473 es,
935 3407 1043 3460 humtha
1063 3413 1089 3461 te
1107 3411 1158 3460 etc.

371 3493 382 3526 ¹
401 3498 458 3550 lsai.
479 3495 521 3561 lh,
541 3497 567 3548 8.
853 3494 865 3526 ⁸
883 3495 949 3564 Cap.
968 3497 993 3564 3,
1015 3495 1056 3550 t't.
1111 3555 1116 3564 ¹

370 3581 549 3650 ‘Respicitur
568 3586 636 3640 loon.
657 3586 682 3653 9,
706 3588 730 3640 t.
750 3599 824 3654 seqq.
