2808 4318
311 229 373 298 lid
649 210 737 296 imon
761 249 931 298 socundus.

307 352 478 420 tribulatis
501 353 600 420 corde
623 352 722 420 inatc
744 353 840 420 esse¹
873 354 963 433 solet,
986 361 1019 421 et
1045 353 1086 421 ad
1109 353 1277 421 examina-

307 458 423 526 tionem
448 459 653 545 propriarum
669 460 838 539 virtutum,
853 461 930 545 quia
945 459 978 525 in
993 458 1189 526 adversitate
1211 458 1277 545 ple

306 565 380 632 nius
403 565 561 644 videmus,
584 573 741 649 otrentum
770 564 1001 651 profecerimus
1031 566 1062 630 in
1092 565 1155 643 eis;
1187 565 1277 644 item,
1354 627 1358 634 .
1392 621 1393 666 p

306 671 347 738 ad
363 671 517 738 maiorem
534 671 667 756 gloriam
686 671 931 756 promerendam
947 678 979 737 et
994 671 1217 756 superomnia
1232 671 1276 738 ad
1392 669 1393 674 ’

306 777 503 845 reddendam
529 778 630 844 vicem
647 777 773 846 Christo
789 794 883 864 passo
898 795 958 864 pro
979 777 1079 846 nobis.
1097 815 1140 826 -
1160 777 1278 844 Trans·

306 892 376 952 acta
398 889 506 952 autern
538 884 733 976 diversitate,
768 884 883 968 gaude,
913 883 990 970 quia
1019 883 1159 962 evasisti,
1190 883 1277 951 sicut

307 990 362 1076 qui
387 990 427 1057 de
452 990 618 1075 naufragio
641 991 749 1076 evadit
784 991 834 1058 rel
870 990 911 1058 de
934 997 1121 1076 tempestate
1155 999 1187 1057 et
1222 991 1277 1056 ria

307 1095 391 1162 mala
414 1095 455 1162 ad
480 1097 599 1163 bonum
624 1097 798 1182 hospitium
835 1079 997 1181 pe'rrenit3
1020 1104 1053 1162 et
1076 1095 1138 1161 noli
1168 1095 1276 1182 dupli·

307 1200 385 1268 citer
409 1208 440 1268 te
463 1201 603 1288 affligere
627 1220 760 1271 rancore
784 1203 833 1271 vel
858 1202 930 1269 odio
953 1221 994 1270 ex
1017 1202 1171 1270 memoria
1194 1202 1278 1270 iniu-

308 1306 429 1374 riarum
454 1315 565 1375 contra
580 1309 683 1388 illurn,
699 1329 718 1376 a
735 1328 799 1396 qun
815 1327 929 1395 passus
945 1326 989 1388 es,
1007 1308 1158 1395 cogitans,
1172 1308 1275 1394 quod,

307 1414 334 1480 si
358 1433 421 1480 non
446 1415 589 1482 meruisti
613 1416 701 1502 apud
724 1416 827 1495 illum,
852 1425 888 1482 ut
919 1423 949 1482 te
972 1415 1137 1501 affligeret,
1165 1423 1274 1482 tamen

307 1518 389 1587 torte
413 1520 558 1588 meruisti
575 1521 661 1607 apud
685 1521 799 1602 Deum,
823 1529 913 1588 otte
937 1521 1044 1607 puniri
1061 1520 1273 1607 permitteret,

308 1622 430 1709 etipse
454 1625 539 1692 Deus
562 1625 662 1693 iudex
685 1643 766 1693 usus
789 1633 837 1694 est
860 1625 916 1692 illo
939 1624 1031 1712 quasi
1066 1632 1185 1692 tortore
1217 1633 1275 1692 tuo

310 1731 528 1798 adjustitiam
552 1732 808 1818 prosequendam
838 1733 923 1800 circa
958 1750 1049 1799 reum
1082 1749 1188 1799 suum.
1221 1731 1273 1800 Sic

308 1838 421 1903 Assur
444 1837 546 1925 virpc
567 1835 730 1924 [πνοήν
754 1839 877 1906 Domini
895 1839 1023 1918 dicitur,
1039 1837 1115 1924 quia
1137 1856 1175 1904 eo
1192 1855 1275 1906 usus

307 1951 355 2010 est
378 1945 469 2030 quasi
494 1945 584 2030 virga
607 1945 648 2013 ad
684 1946 823 2013 dandam
854 1945 1055 2030 disciplinam
1087 1961 1181 2011 serro
1213 1961 1276 2010 suo

306 2051 403 2118 lsrael
426 2051 587 2137 peccauti;
611 2060 642 2119 et
666 2054 747 2120 sicut
772 2053 862 2138 virga
879 2049 1194 2137 post-correctionem
1216 2048 1277 2117 nni

309 2160 340 2226 in
365 2160 470 2246 ignem
493 2159 669 2245 proiicitur,
693 2162 738 2228 sic
762 2166 793 2226 et
817 2158 862 2225 illi
898 2158 1020 2226 ultores
1051 2157 1106 2224 Dei
1144 2157 1278 2226 taudem

307 2266 493 2352 punientur,
517 2266 657 2333 maxime
681 2266 834 2352 quinon
871 2272 957 2333 recto
984 2265 1053 2331 zelo
1086 2271 1119 2332 et
1153 2263 1277 2332 iustitia

308 2371 473 2458 proximos
496 2381 745 2460 persequuntur.

398 2481 428 2545 6.
454 2480 505 2547 His
528 2479 619 2566 qnasi
648 2498 707 2566 per
738 2497 908 2548 excessum
940 2480 1042 2560 tactis,
1072 2479 1212 2565 qualiter
1245 2489 1277 2547 te

308 2584 390 2651 inter
413 2586 550 2653 adversa
573 2595 605 2654 et
626 2604 782 2673 prospera
805 2587 999 2654 immobilem
1023 2603 1206 2663 conserves,
1235 2603 1278 2654 ne
1394 2673 1395 2678 Ἰ

307 2709 462 2778 prospera
486 2693 642 2760 extollant
658 2694 708 2761 vel
724 2693 861 2760 adversa
877 2693 1025 2760 dejiciant
1048 2691 1138 2778 (quia
1161 2692 1278 2760 adrer-

309 2797 385 2864 sitas
410 2799 550 2865 maxime
574 2808 723 2866 versatur
746 2799 831 2866 circa
854 2799 1028 2866 carentiam
1053 2798 1104 2865 rel
1132 2798 1278 2866 amissio

307 2920 380 2969 nem
405 2905 501 2989 copiti
527 2913 559 2972 et
581 2906 728 2973 timorem
763 2906 814 2973 rel
845 2906 1043 2973 tolerantiam
1080 2905 1197 2988 exosi),
1232 2905 1276 2972 ad

308 3011 450 3077 remedia
473 3019 505 3078 et
528 3011 696 3098 qualitates
720 3012 872 3081 vitiorum
896 3011 1144 3079 considerandas
1164 3011 1277 3078 redea-

309 3133 390 3183 mus.
415 3116 482 3184 Non
506 3117 709 3186 mediocriter
732 3127 839 3186 autem
866 3117 950 3186 valet
972 3117 1014 3186 ad
1038 3117 1169 3186 morbos
1185 3118 1277 3186 ritio-

307 3241 381 3291 rum
417 3225 574 3291 sanandos
605 3225 686 3291 scire
709 3224 941 3311 aequanimiter
963 3241 1074 3292 carere
1098 3221 1159 3302 his,
1189 3239 1276 3310 quae

307 3347 382 3396 caro
406 3331 456 3397 rel
481 3329 617 3398 carnalis
640 3330 772 3398 aflectus
795 3330 925 3417 appetit,
941 3336 974 3398 et
996 3329 1153 3418 patienter
1176 3327 1275 3396 susti·

306 3453 383 3503 nere
407 3445 438 3503 et
462 3456 524 3504 non
548 3437 775 3522 pertimescere
798 3455 881 3523 qnae
904 3437 1016 3504 horret
1038 3443 1069 3504 et
1092 3435 1169 3516 odit,
1189 3434 1274 3504 siout

379 3560 387 3591 ¹
410 3563 450 3614 ns.
468 3562 511 3628 aa,
532 3561 574 3614 ro.
860 3557 946 3614 ’roan
967 3561 1008 3624 to,
1027 3560 1053 3614 s.
