2776 4316
330 254 370 302 uu
394 254 435 301 vn
458 251 670 302 recensurus.
694 251 866 300 nnocessus
889 253 941 299 vn.
1049 233 1108 302 311

147 360 303 449 pendere,
329 377 425 446 quam
462 358 648 427 detestabile
683 355 796 426 vitium
832 357 873 424 sit
907 357 1113 442 ingratitudo,

147 487 224 538 cum
250 469 310 534 boc
333 483 443 534 omnes
466 465 539 533 odio
562 465 680 532 trabere
703 464 825 532 soleant
842 465 873 530 in
894 464 978 544 aliis,
993 464 1111 550 quibus

148 575 388 654 benefecerunt,
412 575 436 641 si
461 572 567 642 nullas
591 573 640 640 rel
664 589 781 658 parvas
803 571 845 639 ab
878 572 926 640 eis
949 572 1023 639 inde
1046 589 1115 657 gra·

148 687 199 748 tes
224 679 401 767 receperint
425 680 475 748 vel
498 695 652 748 amorem.
679 679 716 745 Et
740 678 811 746 ideo
834 697 896 748 non
929 679 1115 764 indignatio

147 787 203 855 uis
224 794 281 864 est,
305 787 361 854 sed
384 785 583 854 clementiae
617 785 648 854 in
673 786 738 852 Deo
769 785 961 872 quandoque
997 803 1114 871 negare

149 895 251 980 petita
275 893 418 978 ingratis,
442 909 481 959 ne
505 892 586 958 torte
609 891 765 976 gravioris
781 891 895 977 culpae
918 897 1043 959 reatum
1069 891 1112 958 in·

149 1007 295 1078 currant,
326 999 364 1080 si,
394 997 544 1084 pluribus
573 996 732 1065 beneficiis
764 997 912 1083 acceptis,
940 998 1013 1084 plus
1037 997 1113 1064 liant

149 1105 279 1192 ingrati.

490 1316 673 1383 Carnutum
698 1315 767 1384 tvi.
832 1269 836 1278 Ι

454 1531 502 1598 De
524 1530 718 1598 laudatione
744 1529 811 1596 Del.

244 1747 271 1810 l.
296 1743 448 1812 laudatio
471 1743 526 1820 Dei
551 1744 758 1830 dignissimus
780 1750 828 1810 est
851 1742 984 1811 allectus
1007 1752 1038 1810 et
1062 1761 1115 1810 na·

149 1851 252 1919 scitur
276 1869 317 1918 ex
342 1850 593 1919 consideratione
616 1850 742 1917 divinae
766 1848 914 1917 bonitatis
936 1859 968 1918 et
990 1868 1031 1917 ex
1056 1849 1109 1917 ad·

149 1958 318 2025 miratione
342 1956 567 2043 profunditatis
591 1957 762 2043 sapientiae
786 1957 840 2025 Dei
865 1964 897 2026 et
920 1975 961 2026 ex
978 1965 1109 2043 stupore

148 2063 328 2132 altitudinis
362 2063 488 2130 divinae
523 2065 681 2148 potentiae
705 2072 737 2130 et
771 2064 984 2132 immensitate
1019 2064 1113 2131 maie·

149 2173 251 2252 statie,
274 2187 357 2258 qtrae
380 2169 420 2237 de
445 2169 513 2256 ipso
539 2169 587 2238 vel
612 2187 668 2256 per
700 2169 877 2237 doctrinam
902 2170 975 2237 fidei
1001 2170 1112 2238 intelli·

148 2280 265 2366 pimus,
292 2277 340 2344 rel
364 2294 422 2364 per
445 2294 580 2363 operum
604 2276 674 2344 cius
699 2276 829 2363 vestigia
852 2276 1042 2362 colligimus,
1058 2276 1109 2344 vel

148 2403 207 2472 per
231 2384 495 2452 illuminationem
521 2383 737 2470 inspirationis
761 2383 904 2451 internae
928 2402 1010 2468 puro
1027 2401 1111 2450 men·

149 2493 191 2559 tis
206 2492 323 2559 intuitu
340 2487 603 2577 contemplamur.
621 2490 745 2570 Omnia,
761 2508 843 2576 quae
859 2489 980 2558 debeo
1001 2507 1112 2556 secun·

149 2597 228 2666 dum
254 2597 419 2665 veritatem
443 2596 574 2684 cogitari
598 2597 648 2665 rel
673 2597 734 2664 dici
759 2603 894 2683 possunt
918 2595 1112 2676 adsentiri,

148 2723 212 2772 non
238 2705 296 2772 nisi
323 2705 393 2773 laus
418 2705 520 2790 ipsius
542 2713 627 2784 sunt,
650 2721 688 2771 eo
711 2704 797 2790 quod
823 2702 902 2769 nibil
925 2703 957 2769 in
982 2703 1047 2770 Deo
1073 2704 1113 2770 sit

148 2813 208 2879 nisi
233 2829 360 2880 summe
382 2810 544 2879 laudabile
568 2820 600 2878 et
622 2811 759 2878 amabile
782 2817 814 2878 et
833 2811 1060 2890 venerandum,
1082 2818 1114 2882 et

148 2926 271 3006 quanto
293 2918 465 3005 perfectius
488 2917 700 3004 cognoscitur,
725 2924 811 2984 tanto
837 2917 946 2985 verius
962 2917 1114 2984 laudatur

148 3033 182 3094 et
203 3026 370 3093 ardentius
392 3032 530 3092 amatur.

240 3135 270 3198 ᾖ.
289 3131 426 3226 Divinae
449 3132 553 3200 laudis
576 3131 774 3219 amplissima
796 3139 846 3199 est
868 3131 1011 3212 materia,
1035 3133 1110 3220 quia

151 3248 213 3307 tarn
239 3239 308 3325 ipsa
331 3240 386 3307 Dei
412 3247 527 3307 natura
542 3257 638 3325 qnam
656 3239 762 3306 omnia
777 3256 876 3326 opera
892 3240 962 3307 eius
988 3239 1111 3318 docent,

149 3363 224 3414 eum
247 3363 345 3431 super
368 3346 476 3413 omnia
499 3344 693 3414 laudabilem
729 3363 808 3414 csse.
841 3346 986 3414 baudana
1010 3345 1113 3413 Deum

148 3461 197 3520 est
218 3469 294 3526 eum
320 3452 513 3522 laudabilem
537 3469 709 3539 agnoscere
742 3453 790 3522 rel
821 3452 1002 3523 ostendere.
1027 3450 1114 3519 Unde

148 3559 254 3628 Sancti
278 3577 389 3628 omnes
423 3567 599 3642 creaturas,
623 3577 686 3626 non
721 3559 826 3628 solnm
851 3557 1032 3639 rationales,
1057 3557 1113 3626 sed
