2738 4316
260 251 301 296 DE
325 246 549 298 compostellani:
572 247 701 296 HOMINIS
724 248 914 296 uxrublonls.
1029 230 1072 298 23

111 356 267 424 oabautur
292 356 322 420 in
340 363 370 422 te
387 362 495 440 postea
519 354 702 439 despicient.
730 354 840 420 Omnis
862 355 982 441 quippe
1004 355 1073 423 laus

111 464 143 529 in
168 481 222 528 ore
247 461 378 548 proprio
402 461 565 528 sordescit.

203 571 232 634 b.
257 567 421 634 llaledieta
445 574 476 632 et
500 567 641 633 orrnrioia
664 575 696 634 et
719 567 884 635 mendacia
908 585 965 635 seu
992 567 1072 635 levia

110 682 143 742 et
166 675 280 741 frivola
304 675 482 740 iuramenta
506 679 537 738 et
561 672 666 737 omnia
691 673 797 757 turpia
815 672 924 753 rerba,
947 673 1017 740 liret
1033 673 1076 739 io·

110 800 195 858 cosa,
219 781 339 847 abore
364 779 507 864 Religiosi
533 786 687 865 perpetuo
710 780 911 845 anathemate
937 788 1011 846 sunt
1027 797 1076 846 ar·

110 888 231 967 cenda3
248 886 335 953 unde
351 885 482 952 lacobus
497 885 523 948 ¹:
543 883 610 966 Qut
623 902 658 948 sa
669 891 769 968 putul
784 883 978 971 relipiosum
995 904 1074 964 esse,

109 1013 178 1061 non
202 991 383 1080 refrenans
399 990 567 1074 ‘liupatone
599 1009 711 1068 snum,
742 991 801 1057 sed
832 991 991 1058 seducens
1014 1009 1073 1058 eor

109 1119 226 1178 enum,
252 1097 355 1165 lotos
377 1117 468 1164 voltu
492 1106 539 1163 est
562 1095 689 1183 relipr‘o.

450 1312 633 1378 Currruuuu
658 1311 745 1378 XVll.

341 1526 387 1592 De
410 1525 524 1592 otiosis
547 1524 656 1591 verbis
680 1525 846 1590 enneadis.

205 1722 309 1790 Verba
331 1722 440 1801 otiosa,
476 1721 700 1806 undecumque
737 1721 808 1800 siut,
834 1737 961 1805 semper
992 1721 1077 1805 luge,

110 1829 201 1914 qnia,
236 1828 307 1894 lieet
331 1847 392 1893 non
422 1828 542 1912 grande
579 1835 742 1912 peooatum
777 1835 967 1911 reputentur
997 1845 1077 1906 esse,

110 1943 220 2002 tamen
254 1952 365 2000 eorum
398 1934 595 2001 consuetudo
626 1951 723 2018 grave
751 1944 881 2019 general
904 1934 1076 2000 detrimen-

109 2051 184 2110 tum
209 2041 293 2108 eirea
327 2041 542 2127 spiritualium
578 2041 766 2126 prolectam,
794 2050 825 2107 et
860 2058 964 2126 saepe,
1000 2041 1078 2107 dum

110 2148 207 2236 quast
232 2148 367 2215 libenter
392 2149 576 2215 relaxamus
601 2148 740 2233 linguam
778 2148 808 2213 in
842 2148 940 2214 verba
967 2148 1077 2226 otiosa,

110 2258 194 2325 dum
220 2274 281 2322 nou
306 2256 477 2335 cernimus,
502 2255 675 2321 dilabimur
712 2255 863 2337 paulatim
888 2255 928 2322 ad
953 2254 1075 2334 nociva,

110 2383 156 2432 ex
193 2363 312 2449 quibus
347 2363 496 2429 oriuntur
528 2362 720 2448 quandoque
755 2361 1012 2448 perturbationes
1047 2367 1078 2427 el

111 2469 342 2538 dissolutiones
365 2478 396 2536 et
419 2487 534 2554 graves
556 2468 748 2554 quandoque
772 2467 981 2535 eonscientiae
1005 2485 1075 2534 eor-

112 2593 270 2644 rosiones.

445 2786 628 2854 Currruuuu
652 2785 751 2855 XVlll.

311 3001 405 3074 Quod
427 3001 466 3068 de
491 3001 555 3067 Deo
580 2999 715 3066 libenter
739 2998 901 3088 loquoris.

211 3199 240 3262 l.
264 3197 309 3263 lle
332 3195 397 3263 Deo
432 3196 569 3263 libenter
597 3196 728 3281 loquere
761 3203 792 3263 et
823 3192 972 3260 libentius
1003 3190 1078 3258 audi

114 3304 204 3391 quod
231 3304 339 3370 inritat
362 3322 417 3371 oor
439 3303 480 3370 ad
505 3304 648 3370 studium
675 3302 801 3369 uirtutis
817 3309 849 3368 et
864 3300 1012 3367 allectum
1031 3298 1082 3366 de·

116 3411 265 3478 notionis.

192 3571 201 3606 ¹
221 3570 284 3636 Cap.
305 3572 329 3638 l,
349 3572 392 3625 26.
