2738 4316
275 249 316 295 nn
341 247 565 320 courosrrrouu
588 250 718 300 neumis
740 249 932 300 uxrnnroms.
1045 233 1085 300 13

115 355 256 423 caeleste
279 355 477 423 desiderium
501 373 664 436 accensus,
688 374 816 424 carnem
840 357 868 424 ei
905 358 1087 424 necessaria

115 461 340 530 subtrahendo
356 461 476 547 affligit,
500 481 597 548 quam
614 463 668 548 qui
694 480 752 550 per
776 464 1016 530 delectationem
1036 482 1086 531 re-

114 569 255 648 solutus,
279 568 364 636 circa
388 571 505 649 omnia,
528 587 611 656 quae
635 572 813 637 necessaria
837 579 922 650 sunt,
945 571 973 637 ei
998 571 1085 637 satis·

113 676 224 742 lacere
247 676 452 742 contendit».
477 676 514 743 Et
538 676 610 743 licet
635 677 693 744 lroc
717 676 836 743 bonum
861 685 894 744 et
916 685 1027 764 aptum
1046 677 1086 744 sit

113 782 157 849 ad
186 782 362 869 profectum
391 782 603 868 spiritualem,
634 793 740 850 tamen
776 791 868 851 caute
903 783 1084 852 laciendum

114 897 178 968 est,
196 906 234 956 ne
250 907 367 974 corpus
390 888 524 974 deficiet
538 891 573 957 lu
590 890 648 972 vlo
661 891 684 969 ¹,
703 899 872 977 antequam
902 891 941 958 ad
967 901 1083 959 metam

114 997 295 1082 perveniat,
320 1004 355 1064 ut
380 997 478 1083 possit
502 998 591 1083 sequi
617 1006 808 1066 conventum
826 998 893 1065 sine
916 1017 1084 1067 murmure

116 1103 273 1170 destructi
299 1103 442 1190 corporis
478 1113 509 1170 et
543 1122 746 1172 communem
782 1105 910 1172 Ordinis
942 1106 1081 1192 rigorem

118 1227 193 1276 cum
218 1210 333 1277 ceteris
357 1217 483 1288 tenere;
506 1209 582 1295 quia
607 1210 661 1295 qui
695 1218 765 1296 post
790 1220 819 1277 te
853 1211 894 1278 ad
927 1210 1081 1279 Ordinem

117 1317 252 1384 veniunt
288 1335 350 1383 non
374 1317 552 1396 attendunt,
584 1316 662 1402 quid
686 1325 759 1384 ante
787 1337 842 1386 eos
878 1319 1082 1400 laboraveris,

117 1423 176 1490 sed
201 1423 305 1490 solum
331 1423 498 1508 aspiciunt,
523 1424 618 1510 quale
641 1425 895 1514 oisbexemplum
921 1427 1083 1512 praeferas

116 1530 151 1595 in
176 1529 352 1614 praesenti:
377 1530 408 1594 in
435 1527 609 1608 laboribus
634 1530 759 1616 vigiliis,
790 1532 819 1596 in
845 1531 924 1599 cibis
947 1539 978 1598 et
1013 1532 1083 1598 aliis

117 1635 332 1702 observantiis
355 1635 494 1715 Ordinis,
520 1637 550 1702 in
575 1637 693 1722 quibus
717 1638 834 1704 vellent
858 1639 917 1705 silti
942 1639 1083 1706 seniores

118 1760 196 1810 suos
221 1743 363 1828 praeire3
387 1743 527 1829 alioquin
552 1753 608 1811 aut
632 1745 887 1812 scandalizantur
919 1746 958 1813 de
995 1746 1082 1832 ipsis,

117 1855 177 1915 aut
194 1849 310 1915 imitari
324 1867 379 1917 eos
395 1850 550 1936 incipiunt
566 1850 726 1935 parcendo
741 1853 866 1937 corpori
883 1852 967 1939 plue,
984 1871 1081 1939 quam

116 1955 280 2039 expediat.
305 1955 371 2023 Non
395 1957 478 2023 enirn
504 1957 682 2037 attendunt,
706 1957 784 2043 quid
809 1959 894 2024 intus
911 1958 983 2025 boni
1010 1978 1082 2044 pro·

117 2062 307 2141 meruerint,
332 2063 387 2130 sed
413 2071 547 2144 tantum,
571 2064 648 2149 quid
673 2064 817 2131 exterius
842 2066 955 2149 rigoris
979 2074 1082 2132 osten-

115 2168 205 2234 dant.
231 2167 434 2236 Oevotionem
460 2168 525 2236 Deo
548 2169 703 2237 debemus
720 2170 921 2250 intrinsecus,
938 2171 993 2238 sed
1012 2190 1081 2256 pro·

113 2273 216 2341 xlmis
240 2274 360 2342 bonum
385 2276 570 2361 exemplum
595 2277 806 2343 extrinsecus.
835 2277 873 2344 Ut
896 2286 1002 2345 autem
1040 2279 1081 2344 lta

116 2398 260 2466 congrue
284 2382 413 2468 utrique
436 2382 539 2468 possis
562 2383 716 2450 exhibere
743 2392 781 2462 te,
806 2383 954 2451 discretio
977 2402 1081 2452 neces-

117 2488 204 2556 saria
227 2496 285 2568 est,
310 2506 368 2575 per
391 2507 487 2575 quam
523 2498 556 2556 et
578 2508 695 2576 corpus
727 2491 903 2576 prudenter
937 2493 1082 2578 castiges

115 2611 157 2661 ne
180 2593 339 2662 aduersus
362 2595 510 2681 spiritum
545 2596 686 2678 rebellet,
718 2603 749 2664 et
781 2613 912 2664 rursum
944 2598 1081 2667 discrete

115 2702 236 2782 loreas,
260 2719 300 2768 ne
323 2701 384 2769 sub
405 2703 530 2770 sarcina
561 2711 691 2770 corruat
725 2693 757 2771 e't
792 2704 967 2788 spiritualis
998 2705 1081 2773 vitae

115 2807 296 2894 proiectum
320 2825 397 2894 prae
421 2809 519 2875 nimia
542 2807 704 2876 debilitate
728 2810 889 2895 impediat.

468 3003 653 3070 Carnutum
677 3004 725 3070 lX.

180 3161 225 3228 Oe
248 3161 429 3248 disciplina
453 3164 489 3230 t'u
513 3163 626 3231 labore
649 3183 814 3231 munuum
838 3165 1019 3231 seruando.
1061 3193 1064 3196 ·

206 3341 250 3408 Ad
275 3341 402 3409 labores
424 3359 611 3410 communes
634 3350 665 3411 et
688 3343 728 3410 ad
754 3343 944 3410 humilitatis
978 3342 1081 3411 officia

116 3452 184 3513 esto
208 3456 350 3533 paratus,
373 3448 463 3515 utin
487 3450 634 3536 coquina,
660 3451 689 3516 in
721 3449 854 3518 ecclesia
885 3459 916 3516 et
939 3450 970 3515 iu
1007 3449 1078 3516 aliis

189 3567 199 3599 ¹
220 3571 366 3637 uesptcttur
384 3573 472 3625 llattlr.
492 3572 534 3637 te,
554 3573 597 3625 32.
