2776 4316
300 255 340 302 uu
363 255 406 301 vu
428 253 639 303 uuocusscuus.
663 225 911 312 concussus'vu.
1016 237 1079 304 319

102 360 304 428 rationalem
337 365 476 426 mentem
501 360 612 427 doceat
640 377 675 428 se
711 369 742 427 et
776 361 945 428 Dominum
983 379 1078 428 suum

102 485 299 552 agnoscere,
323 474 354 534 ut
377 467 405 534 ei
431 467 470 534 acl
496 467 556 534 boc
579 467 708 547 serviat,
731 476 767 534 ιιι
791 485 861 535 eam
885 467 926 536 ad
947 455 1079 534 'Domini

104 575 165 642 sui
191 573 358 641 servitium
383 591 523 659 sempera
542 573 711 642 admoueat
742 583 774 640 et
809 575 847 640 ud
884 574 1079 642 laudandum

102 699 188 749 eum
214 680 375 748 accendat.
411 681 471 766 Qui
509 681 568 747 boc
591 680 760 748 sabbatum
791 681 985 766 quiescendo
1017 699 1080 748 oon

104 787 256 854 celebrat
290 793 417 872 pactum
443 786 498 853 Dei
522 804 595 853 cum
621 787 749 854 bomine
773 787 880 866 violat,
903 790 958 874 qui
981 805 1080 874 super

104 893 220 960 omnia
245 892 325 971 uult,
348 892 510 960 hommem
537 894 566 959 iu
599 911 633 960 se
665 893 830 980 quiescere
861 904 892 960 et
927 894 987 961 sibi
1021 911 1080 981 per

104 1017 256 1068 amorem
283 1000 434 1067 tenaciter
458 1000 636 1068 inhaerere,

190 1109 258 1174 lu.
284 1107 351 1192 lpse
375 1117 483 1174 autem
507 1125 630 1174 summe
649 1115 698 1174 est
720 1125 798 1175 suae
814 1107 919 1175 laudis
936 1107 1079 1189 materia,

107 1229 210 1300 quem
235 1213 325 1279 uullu
360 1231 495 1298 operum
527 1229 661 1280 suorum
698 1212 930 1298 magnificentia
962 1211 1080 1281 sufficit

108 1319 230 1386 docere
255 1318 459 1397 laudabilem,
483 1318 566 1386 sicut
588 1329 653 1396 est;
678 1321 760 1386 sicut
784 1337 866 1406 opus
881 1327 1006 1386 mutum
1025 1337 1078 1388 ue-

109 1425 172 1492 scit
195 1424 329 1492 artificis
364 1425 413 1491 sui
449 1425 595 1510 peritiam
628 1425 779 1492 vocaliter
809 1426 987 1504 enuntiare,
1022 1425 1079 1492 sed

109 1531 249 1600 tacendo
272 1531 386 1612 innuit,
410 1550 506 1617 quam
531 1534 571 1599 sit
595 1532 767 1600 laudabilis
789 1533 843 1619 qui
868 1532 943 1598 talia
967 1531 1079 1609 uoluit,

109 1637 206 1704 scivit
228 1644 260 1704 et
290 1639 393 1722 politii
428 1645 491 1704 tam
527 1638 662 1704 feciliter
693 1638 838 1723 uberach
871 1636 1076 1706 Ecclesiastici

112 1744 363 1830 quadragesimo
386 1744 479 1811 tertio
498 1746 522 1810 ¹:
546 1745 657 1812 Muior
673 1752 720 1810 est
735 1744 828 1810 omui
843 1743 951 1811 laude.
968 1781 1011 1792 -
1028 1745 1078 1810 Se

109 1860 200 1936 ptem
224 1857 331 1918 autem
356 1850 462 1918 verbis
487 1850 707 1918 usitatioribus
732 1851 868 1918 Ecclesia
903 1850 1006 1918 utitur
1036 1850 1077 1917 ad

111 1956 312 2024 laudandum
338 1957 438 2024 Qum
463 1956 553 2043 quasi
588 1963 710 2043 septem
747 1957 958 2024 iubilueurum
992 1956 1077 2025 tubis

111 2063 256 2150 mysticis
274 2062 322 2130 vel
339 2070 460 2150 septem
487 2064 615 2132 musicis
632 2063 863 2143 instrumentis,
887 2063 938 2132 bis
953 2071 1076 2151 septem

111 2170 255 2238 materiis
285 2171 376 2256 nicasi
409 2171 743 2257 correspondentibus
778 2171 897 2239 scilicet
932 2173 1075 2252 laudare,

109 2276 312 2357 benedicere,
336 2277 549 2363 magnificare,
573 2277 728 2357 confiteri,
753 2277 974 2357 honorificare,
1009 2279 1075 2365 glo-

109 2383 238 2452 riltcare
262 2391 293 2452 et
315 2384 594 2470 superexaltece'.

447 2597 631 2665 Curcruuuu
655 2598 741 2665 LVll.

163 2811 211 2876 De
235 2809 330 2876 tectio
353 2793 450 2877 mocio
473 2810 599 2878 orandi
621 2818 651 2876 et
675 2809 842 2877 orationis
866 2809 1018 2876 utilitate.

203 3024 231 3088 l.-
257 3022 383 3090 Tertius
406 3022 517 3090 orandi
541 3023 729 3090 modus'est
753 3022 910 3102 mentalis,
934 3041 1008 3090 cum
1027 3007 1074 3089 te·

109 3129 172 3195 citu
192 3145 251 3195 ore
274 3129 341 3196 sula
366 3146 455 3196 meus
476 3147 536 3196 sua
560 3129 719 3198 desideria
743 3129 808 3196 Deo
832 3129 942 3215 pandit
973 3138 1005 3197 et
1027 3131 1073 3196 al-

109 3235 228 3302 lectum
250 3235 357 3302 cordis
381 3235 446 3302 Deo
469 3235 603 3303 effundit
626 3242 657 3302 et
680 3253 754 3303 eum
779 3237 865 3304 intus
897 3254 954 3323 per
985 3255 1074 3303 amo-

182 3393 351 3448 ²me

181 3482 1070 3554 'fflmmnmmmmmwwmmmbfflffle

109 3572 362 3639 fflmmffim
