2792 4318
274 195 317 260 60
519 211 667 259 unrsrotn
691 210 815 259 ncrnnn
838 209 998 259 nucroms

273 317 346 397 tiae,
369 317 486 403 quibus
510 335 627 403 corpus
651 318 776 403 spiritui
802 317 924 385 servire
948 316 1083 402 cogitur,
1110 326 1146 385 ut
1170 318 1246 384 abs·

274 423 433 504 tinentiae,
458 422 593 508 vigiliae,
617 422 804 509 disciplinae
827 433 859 490 et
882 423 1007 491 similia.
1039 461 1084 470 —
1120 425 1242 492 Secun-

273 529 345 609 dus,
371 538 476 597 motus
508 529 656 596 vitiorum
694 529 895 616 insurgentes
919 530 1106 614 reprimere,
1131 539 1168 596 ut
1191 549 1246 598 sn·

274 634 418 720 perbiam
436 634 582 715 deiicere,
599 634 680 700 iram
699 635 865 712 suffocare,
884 634 1035 701 invidiam
1051 635 1243 716 exsufflare,

274 740 433 808 desideria
455 740 577 824 fugare,
601 741 767 807 avaritiam
791 741 940 820 abiicere,
963 741 1072 826 gulam
1097 741 1245 822 domare,

274 847 438 914 luxuriam
468 848 630 928 detestari,
666 848 808 933 linguam
842 847 1013 927 refrenare,
1046 865 1130 932 quae
1165 855 1246 915 tunc

274 955 415 1023 maxime
443 955 670 1040 subiugantur,
706 973 779 1022 cum
816 964 922 1022 motus
956 972 1069 1021 eorum
1096 955 1242 1022 manime

276 1049 438 1140 tremunt3
462 1070 581 1146 quanto
604 1061 689 1128 enim
713 1060 860 1129 fortiores
896 1064 980 1129 vires
1004 1061 1105 1128 hostis
1133 1063 1166 1127 in
1190 1062 1246 1129 ad·

277 1167 456 1234 versarium
492 1168 664 1254 collegerit,
688 1169 713 1236 si
751 1177 827 1237 tunc
862 1168 1004 1248 eliditur,
1029 1175 1117 1234 tanto
1140 1169 1245 1254 magis

276 1273 472 1354 debilitatur,
496 1283 528 1342 et
559 1295 623 1362 quo
655 1276 873 1343 veliementior
904 1276 1062 1362 cuiusque
1086 1276 1153 1342 vitii
1179 1285 1246 1342 ten·

277 1381 363 1460 tatio,
393 1399 431 1448 eo
460 1382 627 1467 gloriosior
660 1383 854 1469 triumphus.
888 1421 934 1432 -
968 1383 1106 1463 Tertius,
1141 1401 1244 1469 opera

275 1487 453 1554 exercitare
479 1489 644 1567 virtutum,
667 1495 705 1557 ut
727 1489 879 1574 obsequia
896 1489 1094 1568 humilitatis,
1112 1491 1245 1558 servitia

276 1592 426 1672 caritatis,
461 1592 632 1660 assiduitas
671 1593 850 1674 obediendi,
883 1604 1048 1662 mansueto
1081 1595 1244 1682 loquendi,

277 1698 374 1764 variis
397 1699 559 1766 exercitiis
583 1699 702 1766 bonurn
738 1700 925 1785 exemplum
956 1700 1078 1781 dandi3
1102 1720 1144 1768 ex
1178 1719 1244 1769 usu

277 1805 362 1871 enim
387 1805 603 1892 virtuosorum
627 1825 763 1893 operum
789 1807 876 1892 ipsae
898 1807 1041 1876 virtutes·
1066 1809 1096 1874 in
1136 1815 1244 1877 mente

276 1911 372 1980 altius
397 1913 590 1980 radicantur.
608 1952 653 1963 -
675 1914 827 1999 Quartus,
850 1915 1012 2000 quaelibet
1035 1915 1174 1982 adversa
1196 1915 1243 1982 di-

277 2035 366 2085 scere
390 2019 465 2104 pati‚
490 2029 525 2086 ut
556 2021 768 2088 correctiones
799 2021 894 2088 etiam
919 2022 1062 2101 iniustas,
1086 2023 1243 2107 penurias

278 2125 390 2205 victus,
428 2127 572 2206 vestitus,
607 2127 788 2207 domorum,
825 2127 993 2209 librorum,
1029 2127 1245 2208 infirmitates,

277 2231 462 2313 derisiones
490 2232 719 2319 despectiones,
754 2233 973 2313 contumelias,
998 2233 1243 2316 infamationes

278 2337 413 2418 labores,
437 2340 635 2422 tentationes,
663 2341 814 2408 distortos
844 2341 982 2408 aliorum
1008 2358 1124 2421 mores,
1153 2341 1244 2408 inlin-

278 2445 403 2513 mitates
426 2457 458 2513 et
481 2448 602 2528 sordes,
626 2448 891 2533 persecutionem,
914 2465 1075 2516 carcerem
1105 2456 1138 2515 et
1163 2465 1246 2515 mor·

278 2558 351 2619 tem.
384 2553 464 2622 Haec
487 2554 571 2621 enim
604 2554 740 2641 insignia
763 2561 838 2622 sunt
862 2554 1042 2640 patientiae,
1065 2556 1176 2642 etqui
1200 2573 1240 2622 ea

277 2657 362 2727 lerre
386 2668 522 2741 recusat,
551 2660 667 2728 Christi
691 2680 725 2730 se
749 2662 881 2728 militem
907 2680 968 2729 non
1005 2678 1074 2730 esse
1110 2662 1245 2730 demon·

278 2775 368 2850 strat,
392 2776 424 2835 et
447 2767 477 2833 in
510 2768 561 2835 die
585 2768 705 2847 iudicii,
729 2769 785 2836 ubi
809 2769 928 2855 quique
951 2769 1141 2836 Sanctorum
1165 2787 1242 2836 cum

278 2877 345 2944 suis
375 2875 547 2961 triumphis
578 2876 780 2962 apparebunt
807 2874 1007 2963 spectabiles,
1043 2877 1110 2961 ipse
1141 2875 1245 2961 inglo-

278 2983 347 3051 rius
381 2983 558 3051 erubescet.
583 2983 796 3068 -Quintus,
830 2981 1035 3067 cogitationes
1059 2988 1092 3050 et
1105 2981 1245 3050 allectio

278 3107 335 3158 nes
351 3100 382 3158 et
406 3090 596 3158 intentiones
623 3089 738 3157 mentis
761 3088 801 3156 ad
830 3106 976 3156 normam
1003 3089 1134 3156 rationis
1158 3107 1242 3156 com·

277 3215 396 3283 ponere
427 3204 459 3265 et
483 3213 593 3264 omnes
627 3195 760 3263 allectus
796 3196 826 3262 in
859 3195 994 3264 uirtutes
1017 3195 1179 3277 ordinare,
1204 3203 1242 3264 ut

279 3320 340 3369 non
365 3311 450 3371 amet
480 3303 538 3371 nisi
564 3302 711 3382 amanda,
734 3308 766 3370 et
789 3308 885 3388 prout
908 3310 984 3369 sunt
1007 3301 1156 3382 amanda,
1185 3319 1244 3370 nec

278 3407 389 3474 timeat
412 3406 472 3476 nisi
499 3408 649 3490 timenda,
672 3407 759 3475 odiat
790 3407 937 3487 odienda,
965 3407 1071 3475 doleat
1093 3407 1244 3488 dolenda,

277 3514 416 3600 gaudeat
438 3515 478 3584 de
502 3517 690 3602 gaudendis,
717 3523 747 3584 et
782 3516 828 3584 sic
858 3516 891 3582 in
922 3515 1072 3584 omnibus
1109 3515 1244 3583 rationis
