2792 4318
325 212 367 278 98
665 227 754 274 nonno
778 225 950 274 secuunus.

323 332 617 402 scandalizarentur
644 339 676 399 et
710 339 897 416 reputarent
920 350 978 398 nos
1012 331 1262 416 praevaricatores

322 439 386 505 voti
411 436 801 505 nostri.l)el1uiusmodi
826 436 982 503 dicitur¹:
1008 437 1130 502 Luceot
1151 434 1203 501 luc
1222 454 1263 500 oe
1350 483 1351 504 o

323 552 397 611 etro
428 563 546 612 coram
581 541 782 620 loominibuo,
806 550 845 609 ut
868 543 1003 609 orideout
1037 561 1138 628 opero
1168 548 1263 608 vosoro
1350 529 1351 534 ’

323 649 408 718 bono
432 658 462 716 ct
482 648 669 736 ploriliecut
694 650 831 716 Putrem
855 657 1016 728 vestrum,
1044 648 1155 736 quiin
1178 645 1263 713 coelis

322 765 377 823 oct.
402 757 578 843 Aliquando
594 774 671 824 vero
688 757 771 823 bona
798 765 907 823 nostra
934 755 1095 823 occultare
1117 754 1262 831 debemus,

322 880 405 949 quae
429 862 609 949 specialiter
633 863 824 946 accepimus,
848 870 886 928 ut
909 862 1043 947 gratiam
1070 863 1201 928 internae
1222 860 1265 926 do·
1351 885 1352 888 ¹

323 968 467 1048 notionis
492 968 542 1036 vel
565 986 648 1054 quae
671 977 800 1053 possent
822 968 914 1036 nobis
938 968 1130 1054 singularem
1153 964 1265 1034 laudem

323 1093 447 1160 parere,
472 1082 507 1141 ut
538 1075 710 1161 singularis
741 1075 933 1144 abstinentia
955 1083 987 1143 et
1010 1074 1135 1160 vigiliae
1156 1081 1184 1140 et
1205 1089 1266 1138 ora-

322 1182 424 1250 tiones
447 1190 479 1249 et
502 1183 732 1268 eleemosynae,
748 1183 788 1250 ad
805 1201 888 1270 quae
904 1201 966 1249 non
983 1190 1138 1250 tenemur.
1154 1180 1194 1246 lio
1207 1177 1264 1266 qui·
1352 1247 1353 1270 χ

322 1289 384 1356 bus
407 1289 562 1356 Dominus
585 1290 677 1357 docet
699 1291 732 1356 in
756 1307 903 1357 sermone
928 1289 1036 1356 habito
1060 1289 1092 1355 in
1117 1294 1213 1354 monto
1227 1283 1247 1348 ¹.
1352 1271 1353 1290 ¹

412 1398 442 1462 ᾖ.
468 1395 618 1464 Similiter
642 1396 726 1463 mala
750 1403 858 1464 nostra
880 1396 1075 1481 quandoque
1091 1391 1265 1462 abscondero

323 1502 488 1582 debemus,
513 1520 553 1570 ne
577 1502 649 1588 quis
672 1502 907 1570 scandalizetur
923 1502 963 1568 de
979 1502 1082 1582 nobis,
1106 1500 1154 1567 vel
1175 1502 1266 1566 sumat

322 1607 508 1692 exemplum
534 1607 678 1674 imitandi
702 1625 759 1674 nos
783 1608 815 1674 in
839 1607 1018 1688 similibus;
1040 1608 1128 1675 unde
1149 1595 1266 1690 duplici·
1353 1641 1354 1656 ,

323 1721 371 1780 ter
396 1722 527 1800 peccant
550 1714 603 1799 qni
639 1723 751 1798 aperte
786 1722 926 1798 peccant,
954 1715 1029 1800 quia
1052 1721 1085 1782 et
1119 1714 1211 1781 [teum
1232 1709 1267 1776 ol·

322 1819 456 1887 tendunt
490 1827 522 1886 et
557 1819 705 1904 proximo
739 1820 864 1887 fodiunt
887 1821 1023 1901 foveam,
1046 1840 1142 1907 quam
1166 1817 1267 1887 incidat

321 1944 380 2012 per
404 1925 524 1992 malum
549 1925 745 2011 exemplum.
769 1927 800 1992 Si
832 1935 939 1995 autem
966 1929 1033 1995 sino
1057 1928 1153 2014 culpa
1174 1933 1267 1992 nostra
1354 1938 1355 1978 1

322 2034 372 2100 vel
396 2033 501 2119 specie
538 2032 621 2099 mala
655 2033 770 2120 aliquis
805 2052 846 2100 ex
871 2053 929 2101 sua
955 2035 1075 2101 malitia
1104 2035 1268 2120 suspicatur

322 2140 443 2228 malum
461 2139 618 2219 denonis,
641 2146 673 2207 et
696 2158 758 2207 non
783 2141 852 2208 vult
877 2141 1018 2228 recipere
1044 2141 1267 2209 excusationem

321 2255 485 2325 nostram3
511 2253 586 2314 tunc
609 2246 786 2314 habeamus
809 2248 1005 2333 patientiam,
1033 2249 1117 2316 sicut
1139 2247 1268 2314 Christus

323 2352 419 2420 tacuit
443 2353 474 2418 in
499 2353 656 2438 passione,
680 2354 720 2420 de
736 2347 855 2421 'multis
884 2371 925 2420 ex
949 2354 1070 2421 inuidia
1104 2343 1267 2422 accusatos.

321 2458 409 2525 Dixit
432 2459 516 2525 enim
527 2459 556 2524 ⁸:
575 2459 614 2526 Si
635 2459 726 2526 vobis
743 2460 872 2540 dicero,
890 2479 957 2526 uon
974 2461 1114 2528 credetis
1130 2457 1216 2528 mitt.
1233 2495 1267 2505 -

320 2565 496 2651 Aliquando
521 2567 604 2632 mala
627 2576 736 2635 nostra
759 2567 885 2653 aperire
908 2568 995 2635 nude
1018 2567 1182 2649 debemus,
1202 2565 1269 2633 scili·

321 2681 370 2740 cet
394 2673 424 2739 in
449 2674 644 2742 confessione
665 2677 789 2761 privata
806 2676 846 2743 de
864 2675 1006 2760 privatis,
1023 2683 1054 2743 et
1071 2677 1102 2743 in
1120 2674 1270 2744 manifesta

321 2778 360 2846 de
386 2778 569 2856 manifestis,
587 2788 622 2847 nt
637 2781 668 2846 in
686 2780 921 2849 visitationibus
937 2789 969 2848 et
992 2779 1269 2868 redargutionibus.

410 2885 439 2952 3.
465 2885 719 2971 imperfectiones
742 2907 871 2974 quoque
895 2896 1019 2956 nostras
1043 2907 1106 2956 non
1130 2888 1272 2956 debemus

321 2991 510 3058 erubescere
547 2992 688 3060 confiteri
713 3003 744 3062 et
779 2994 922 3062 delectus
955 2994 1122 3075 virtutum,
1146 3013 1186 3060 ue
1207 2991 1271 3082 puis

320 3099 483 3166 existimet
505 3120 566 3166 uos
595 3119 705 3186 cupra
729 3101 776 3180 id,
800 3101 889 3189 quod
917 3101 1006 3168 videt
1028 3102 1064 3168 iu
1087 3101 1216 3168 uolut
1235 3135 1272 3148 -

320 3205 349 3270 Si
374 3213 480 3272 autem
505 3207 536 3272 in
561 3207 644 3273 bono
667 3225 763 3293 opere
789 3225 870 3273 rana
886 3206 987 3293 gloria
1004 3209 1111 3294 pulsat
1134 3225 1203 3288 nos,
1218 3223 1271 3272 non

320 3312 561 3396 acquiescamus
595 3314 635 3392 ei,
670 3331 728 3381 neo
754 3320 858 3382 tamen
894 3314 1014 3381 honum
1038 3332 1122 3400 opus
1143 3313 1272 3382 dimitta-

392 3453 400 3486 ¹
421 3455 507 3506 Mattio.
526 3455 551 3520 5,
572 3455 613 3506 ld.
870 3453 881 3485 ¹
901 3457 987 3510 Mattio.
1007 3457 1032 3522 6,
1053 3458 1079 3509 t.
1097 3471 1173 3526 seqq.

391 3538 402 3570 ⁸
420 3541 483 3596 Luc.
502 3546 544 3611 22,
564 3545 608 3597 67.
871 3543 928 3597 ⁴11.
948 3543 1008 3598 Cor.
1028 3546 1071 3613 l2,
1092 3547 1117 3598 6.
