819 1202
67 60 289 77 w„
306 60 337 64 ”-

205 127 226 143 ue
238 127 358 139 neronum-ion
369 127 434 139 nouitas
446 127 538 140 ικτειιιοιιιε.
581 123 613 140 ¹33

130 153 167 170 culi
181 153 256 175 appellat,
268 158 311 176 quae
325 156 393 170 mortem
406 156 493 175 operatur,
505 154 580 175 proclivis
597 154 612 171 in

129 180 257 202 desperationem
270 182 285 197 et
297 180 407 200 diffidentiam,
420 185 469 202 prona
477 180 497 197 ad
510 180 613 202 suspiciones,

128 211 172 228 quae
178 207 264 228 patientem
272 207 358 228 aliquando
367 207 430 228 instigat
436 207 456 224 ad
465 211 519 224 necem
527 208 551 224 sni
559 207 613 229 ipsius,

129 233 175 250 luctu
188 233 292 251 irrationabili
304 238 385 255 oppressa.
394 234 434 251 ilaec
445 234 531 256 aliquando
542 234 614 251 nascitur

128 265 151 277 ex
164 260 266 282 praecedenti
279 261 382 282 impatientia,
394 261 481 282 aliquando
492 265 513 278 ex
532 261 613 278 retardato

129 287 156 304 vel
165 287 241 308 impedito
250 287 329 304 desiderio
338 287 400 309 cupitae
409 287 437 307 rei,
445 287 532 309 aliqnando
539 292 560 304 ex
569 292 613 309 prae-

128 313 250 331 dominantibus
262 314 380 331 melancholicis
391 314 492 334 humoribus,
505 316 521 331 et
533 316 570 331 tunc
582 319 613 331 ine-

129 340 204 357 dicorurn
216 342 241 357 est
252 340 330 357 adhibere
342 341 431 357 remedium
444 341 497 362 potius
509 345 557 362 quam
573 341 614 358 Reli-

128 367 212 389 giosurum
224 367 250 384 vel
262 367 378 389 theologorum.

175 395 191 411 ἢ,
203 394 275 411 Secunda
287 396 311 411 est
323 396 377 416 torpor
394 394 460 416 quidam
477 394 569 416 pigredinis,
585 394 612 416 qui

128 425 205 438 somnum
217 423 260 437 amat
268 423 285 438 et
292 421 345 437 umnia
353 421 436 438 commoda
444 421 521 442 corporis,
530 421 585 438 horret
593 421 614 437 la-

128 448 182 467 bores,
195 448 235 469 sugit
246 452 303 469 aspera
314 452 393 469 quaeque,
405 448 452 469 friget
463 448 482 464 ad
499 448 613 469 operationem,

128 474 162 491 otio
174 474 268 491 delectatur.
281 474 320 491 Haec
332 476 356 491 est
368 474 432 495 proprie
444 474 512 496 pigritia.

176 500 191 517 3.
204 501 256 518 Tertia
267 503 296 520 est,
308 505 350 522 quae
361 501 413 517 solum
425 501 486 518 fastidit
497 505 521 521 ea,
529 505 571 522 quae
583 501 612 518 Dei

128 530 174 547 snm,
185 528 205 544 ad
218 527 249 544 alia
260 527 306 548 agilis
317 530 342 544 est
353 530 369 544 et
381 528 446 544 alacris:
459 528 510 544 oratio
518 528 563 545 estei
576 528 614 544 insi-

129 554 174 576 pida,
186 559 195 571 a
207 554 282 571 laudibus
294 554 321 571 Dei
335 558 369 571 sese
381 554 450 571 abstinet
461 556 477 571 et
493 554 571 574 absentat,
585 554 612 571 ubi

129 583 178 598 caute
190 583 241 603 potest
252 583 268 598 et
279 581 333 601 audet,
345 581 407 598 festinat
420 581 495 598 velociter
503 581 569 603 explere
580 586 614 598 nra-

130 608 182 624 tiones
194 608 261 627 debitas,
272 610 288 624 et
300 612 319 625 ne
332 608 379 624 nimis
390 608 470 625 afficiatur
487 608 539 625 taedio
551 612 613 627 earum,

129 634 199 651 assumit
211 635 274 651 interim
286 634 326 651 alias
337 635 439 656 cogitationes
456 635 480 651 vel
496 635 613 656 occupationes,

128 661 190 682 quibus
201 661 277 681 intendat,
289 661 340 678 donec
352 661 424 683 perficiat
435 661 484 678 Horas
496 661 521 678 vel
533 661 613 678 orationes

130 690 221 708 consuetas,
233 688 327 705 rumoribus
339 688 415 710 pascitur,
428 688 470 705 ludis
481 688 575 708 delectatur,
587 693 614 705 ex-

98 716 100 718 ’
131 715 190 736 cogitat
202 715 269 736 negotia,
280 715 340 736 quihus
351 717 443 736 occupetur.
456 715 497 731 Nihil
508 715 559 736 magis
566 716 591 732 est
598 715 613 731 ei

130 746 218 758 onerosum
230 746 278 763 quam
292 741 374 758 intendere
386 741 419 758 Deo
427 744 442 758 et
455 741 534 763 his,quae
542 743 614 762 spectant

131 769 152 785 ad
164 768 236 785 studium
249 770 265 785 et
273 768 362 790 proiectum
370 768 475 790 spiritualem.
484 768 527 785 Cella
537 768 551 785 ui
560 772 614 785 carcer

131 797 161 815 est,
172 795 237 816 evagari
248 797 302 812 autem
315 797 346 812 tam
359 799 426 817 corpore
438 799 486 817 quam
499 796 552 811 mente
567 797 614 811 extra

131 822 220 839 clausu-um
239 822 289 843 diligit
309 824 325 839 et
342 822 406 843 quaerit
424 822 510 838 multitaria
520 821 614 838 occasione.

131 848 188 865 Omnis
200 849 244 870 rigor
255 849 348 870 disciplinae
360 849 448 870 spiritualis
460 849 514 870 gravis
525 850 549 865 est
563 848 583 868 ei,
599 850 615 865 et

131 878 225 892 murmurat
236 878 301 892 econtra
312 878 328 892 et
339 876 444 897 conqueritur
455 875 475 892 de
493 875 553 892 duritia
570 879 615 896 prae*

131 902 201 919 laturum
213 904 229 919 et
241 907 271 924 pro
282 902 365 923 disciplina
377 902 468 919 zelantium.

177 929 192 946 h.
201 929 232 946 iioc
240 929 309 946 accidiae
318 929 374 945 vitium
383 929 446 950 signum
454 931 479 946 est
491 928 615 950 ingratitudinis,

131 956 170 978 quia
182 958 225 973 tanta
238 955 313 973 beneficia
325 955 391 973 contulit
402 955 449 972 nobis
461 955 538 972 Dominus
552 957 568 972 et
579 959 615 972 con-
