2742 4320
279 201 344 270 atu
420 257 423 260 .
635 221 724 268 nunno
747 221 885 269 suerrus

280 333 403 394 tantum
426 327 528 412 pudet
550 328 591 395 de
614 327 784 407 contrariu,
809 329 833 394 si
858 326 945 413 qood
976 326 1080 412 diligis
1111 326 1154 393 sit
1184 325 1236 392 lto

277 439 416 500 nestum.
440 433 601 518 Quamdiu
625 441 733 501 autem
757 451 849 500 amor
872 433 1050 500 contrarios
1071 433 1169 500 sentit
1196 431 1239 498 ai-

277 523 390 620 tectos,
414 541 446 608 id
470 548 519 608 est
543 541 677 622 timoris,
701 541 831 621 doloris,
858 541 990 628 pudoris
1012 548 1044 608 et
1066 541 1143 620 odii,
1167 545 1238 606 tunc

279 647 383 714 minor
406 654 437 715 et
461 647 598 716 debilior
620 655 669 715 est
691 648 723 714 in
748 665 793 728 se,
817 649 907 735 quasi
925 647 1096 714 distractus
1119 655 1154 714 et
1171 663 1241 712 oon·

277 753 355 822 dum
381 755 522 832 totusin
547 772 580 822 se
604 754 777 836 collectus;
799 756 894 846 etiam
930 754 1008 822 dum
1034 755 1142 822 adhuc
1173 751 1241 840 spei

278 860 368 928 locus
391 868 448 940 est,
473 862 614 928 nondum
643 869 748 948 potest
776 880 846 930 esse
876 861 1049 949 periectos,
1075 861 1155 929 dnm
1181 877 1240 928 oon

277 966 374 1034 habet
397 968 481 1053 quod
506 976 593 1034 amat
616 969 649 1034 in
672 968 833 1047 fruitione,
860 969 915 1036 sed
933 975 1058 1034 tantum
1075 969 1106 1034 in
1130 984 1241 1053 exspe

277 1074 423 1154 clatione,
447 1083 479 1142 et
513 1082 633 1160 quanto
664 1077 862 1161 exspectatio
894 1077 1055 1154 incertior,
1090 1083 1180 1141 tanto
1210 1081 1240 1139 el

277 1197 367 1246 amor
391 1180 537 1265 tepidior.
563 1179 646 1247 Cum
670 1191 783 1248 cutem
806 1181 931 1247 veumc't
954 1182 1043 1268 qttod
1055 1177 1237 1267 perfectum

276 1293 334 1365 est,
360 1285 581 1353 evacuabitur
604 1288 696 1375 quod
717 1307 758 1353 cu
779 1294 877 1373 purte
899 1295 945 1354 est
965 1288 987 1368 ¹,
1011 1288 1087 1373 quala
1116 1285 1238 1353 fruitio

276 1391 326 1458 nis
350 1392 503 1476 garrulum
529 1393 705 1478 perfeetum
730 1393 801 1472 erit,
825 1409 898 1460 cum
923 1411 1015 1472 amor
1046 1393 1132 1480 quod
1153 1391 1237 1476 erupit

277 1497 339 1563 iam
365 1498 503 1565 tenuerit
526 1516 585 1566 nec
608 1499 756 1566 amittere
779 1498 865 1565 ultra
882 1499 1026 1566 timuerit
1042 1499 1155 1566 nee'de
1171 1513 1239 1563 con·

277 1605 377 1672 trario
401 1606 523 1692 aliquid
547 1605 606 1673 sihi
633 1606 735 1674 inesse
759 1606 903 1687 senserit,
927 1607 1013 1692 quod
1040 1606 1087 1674 vel
1118 1605 1237 1692 nuden-

277 1712 354 1779 dum
380 1713 421 1780 sit
445 1713 495 1780 vel
520 1713 705 1781 dolendum.
722 1709 879 1799 Perfecto
895 1713 978 1780 enim
997 1713 1127 1780 curicus
1142 1708 1236 1798 soros

278 1818 380 1885 mittit
403 1819 553 1885 timorem
573 1819 596 1899 ²,
621 1837 694 1887 cum
720 1819 781 1886 iam
815 1819 936 1887 nullam
969 1820 1000 1885 in
1026 1837 1060 1886 se
1092 1814 1235 1886 habuerit

277 1925 442 1992 materiam
467 1926 541 2005 odii,
568 1926 616 1993 vel
641 1943 769 1994 causam
787 1925 1027 1994 erubescentiae
1045 1927 1093 1993 vel
1110 1923 1232 1994 doloris.

277 2033 401 2116 Quanto
416 2050 501 2118 ergo
525 2033 641 2100 caritas
674 2033 774 2119 magis
802 2042 949 2120 augetur,
983 2042 1071 2100 tantu
1097 2041 1128 2100 el
1157 2031 1233 2098 aliae

264 2139 411 2208 uirtutes
434 2146 466 2207 et
487 2141 648 2208 virtuosae
664 2140 846 2208 affectiones
861 2140 1002 2227 amplios
1017 2141 1232 2227 purificantur,

274 2263 444 2332 quousque
467 2263 579 2314 omnes
602 2247 634 2315 in
666 2265 735 2314 eam
769 2247 869 2314 solano
902 2247 1178 2328 transformentur,
1202 2250 1232 2310 nt

275 2352 338 2419 iam
363 2371 425 2418 nou
450 2354 490 2420 sit
514 2353 621 2432 timor,
645 2371 707 2420 non
732 2353 834 2434 dolor,
858 2371 933 2440 spes
956 2354 1006 2420 vel
1035 2353 1150 2438 nudor,
1179 2347 1229 2418 sod

276 2465 398 2526 tantum
423 2478 483 2527 suo
507 2460 624 2545 gaudio
649 2459 760 2528 fruens
782 2477 883 2540 amor,
908 2469 939 2528 et
964 2459 1008 2526 illi
1034 2461 1117 2526 nono
1152 2466 1230 2526 tena-

276 2567 355 2634 citer
378 2567 559 2647 inhaerens,
583 2569 668 2654 quod
693 2567 797 2635 solum
823 2566 941 2634 sufficit
963 2567 1089 2635 animae
1112 2565 1229 2634 doside·

275 2671 360 2740 rium
384 2673 560 2760 adimplere
584 2683 616 2742 et
638 2674 743 2759 ipsum
769 2691 911 2742 amorem
936 2673 1007 2741 eius
1031 2674 1062 2740 in
1080 2692 1114 2742 se
1129 2681 1232 2760 poteo·

274 2786 323 2846 ter
347 2780 586 2860 transformare,
609 2790 645 2848 ut
668 2780 730 2848 iam
745 2789 918 2869 occaecat,
941 2782 1032 2848 sicut
1053 2790 1084 2848 et
1106 2778 1231 2869 counito

273 2891 320 2951 est
335 2884 360 2964 ³,
384 2891 415 2952 et
438 2894 532 2967 amet,
548 2887 644 2954 sieut
666 2895 772 2954 amata
795 2895 860 2966 est;
885 2887 1033 2974 quamvis
1055 2904 1117 2953 oon
1133 2901 1232 2974 quon

274 2998 344 3057 tum
367 3001 474 3060 amata
497 3001 555 3075 est,
590 3001 628 3061 ut
661 2993 701 3062 sit
737 2993 923 3073 similitudo,
959 3009 1021 3060 non
1053 2993 1230 3079 aequalitas.

273 3098 367 3166 Nulla
389 3108 538 3167 creature
562 3107 664 3187 potest
687 3117 797 3167 amare
822 3100 933 3180 Deuro,
957 3100 1040 3166 sicot
1064 3105 1168 3166 amate
1189 3101 1231 3164 est

273 3205 314 3273 ab
350 3207 429 3292 ipso,
452 3206 508 3275 sed
541 3215 675 3286 tantum,
707 3207 790 3274 sicut
821 3207 942 3292 accepit
972 3205 1014 3272 ab
1043 3207 1121 3292 ipso.
1153 3204 1231 3272 Dens

272 3311 369 3393 enim,
393 3312 474 3380 sicut
505 3321 553 3380 est
583 3313 725 3380 omnium
754 3329 852 3380 causa
881 3322 913 3380 et
940 3313 1047 3380 arnoia
1077 3307 1230 3399 cognoscit

345 3453 353 3489 ¹
373 3455 392 3507 ι.
411 3453 469 3508 cor.
490 3453 533 3522 ts,
553 3455 596 3508 to.
679 3441 683 3452 ‘
825 3455 873 3508 ιι.
888 3455 957 3508 toan.
977 3453 1003 3522 t,
1026 3455 1067 3508 te.

342 3541 392 3597 ⁸1.
410 3542 469 3598 Cor.
492 3544 533 3611 ta,
555 3545 596 3597 li.
