2738 4316
299 287 333 334 Vl
689 287 872 337 PRAEFATIO.

300 392 469 446 Ratisbonam
490 392 558 461 (sic),
576 396 725 460 composuit
753 392 914 449 collationes
941 393 978 448 ud
1001 392 1110 462 fraires,
1141 397 1262 460 exposuit

301 482 371 536 clare
391 483 516 548 Regulam
537 487 652 536 nostram
671 489 697 535 et
715 486 884 548 computatur
896 484 963 537 inter
975 481 1066 535 beatos
1078 483 1169 535 iratres
1181 485 1206 536 in
1219 497 1261 536 re·

301 571 384 636 gistro
402 569 507 624 Ordinis
526 573 606 624 nostri
617 570 626 602 ¹
638 591 663 623 ι.

372 661 442 713 1000.
470 661 631 714 tritbemius
658 659 896 730 descriptoribus
923 659 1107 718 ecelesiasticis
1131 660 1262 740 (101100

301 749 345 803 ed.
364 749 443 802 Paris.
464 749 559 818 1111);
582 749 701 816 «David,
720 749 833 816 Ordinis,
853 757 880 803 ut
898 751 992 816 lerunt,
1005 751 1143 814 itinerum,
1153 741 1262 805 ‘nauone

302 839 471 905 Teutonicus,
490 840 531 890 vir
549 841 575 892 in
594 839 691 892 divinis
709 841 850 905 scripturis
868 841 1030 904 exercitatus,
1043 841 1095 894 vita
1109 847 1134 893 et
1148 853 1261 893 conver-

301 930 401 981 satione
419 928 538 993 insignis‚
559 930 584 979 in
605 928 784 982 declamandis
802 927 968 982 sermonibus
987 929 1021 982 ad
1035 929 1163 994 populum
1180 929 1262 982 excel·

302 1015 377 1069 lentis
396 1017 493 1080 ingenit
512 1014 569 1068 luit.
586 1017 694 1080 Scripsit
713 1016 845 1082 quaedam
868 1025 959 1082 aperto
978 1029 1101 1069 sermone
1119 1017 1259 1084 opuscula,

303 1119 415 1172 quarum
435 1106 511 1159 lectio
530 1105 632 1158 devotis
651 1104 784 1159 Fratribus
803 1120 854 1159 non
873 1115 912 1160 est
933 1105 1139 1172 contemnenda;
1153 1107 1187 1159 de
1205 1108 1262 1174 qui·

301 1193 354 1248 bus
371 1201 471 1249 exstant
489 1193 619 1248 subiecta:
639 1195 679 1248 Ad
698 1197 811 1249 novitios
830 1196 863 1248 dc
881 1198 1071 1260 compositione
1090 1197 1203 1249 bominis
1219 1209 1262 1248 ex-

302 1285 415 1350 terioris,
432 1282 499 1336 iiber
518 1285 536 1336 1.
555 1309 591 1323 -
610 1283 647 1337 110
665 1282 860 1349 compositione
879 1285 991 1336 bominis
1010 1286 1146 1350 interioris,
1160 1283 1226 1337 liber
1243 1286 1262 1337 i.

301 1399 337 1410 -
357 1372 489 1425 Proiectus
507 1372 630 1439 Religiosi
649 1373 701 1425 vii.
722 1401 755 1412 -
773 1370 929 1426 collationes
948 1386 1029 1438 meas,
1051 1387 1126 1440 quas.
1149 1401 1184 1412 -
1204 1374 1264 1426 Ser-

302 1475 394 1517 mones
414 1462 448 1515 de
465 1467 593 1529 tempore,
612 1462 657 1515 lib.
676 1465 693 1516 i.
713 1489 749 1502 -
775 1463 915 1518 Sermones
940 1462 973 1516 da
1001 1465 1110 1528 Sanctis,
1132 1464 1177 1517 lib.
1195 1464 1213 1516 i.
1232 1464 1265 1518 Et

302 1551 434 1619 quaedam
453 1551 513 1605 alia.
532 1550 629 1605 claruit
648 1565 699 1604 non
719 1553 797 1618 longe
817 1559 875 1617 post
895 1553 921 1605 B.
943 1554 1118 1606 Franciscum.
1138 1553 1265 1618 Sepultus

302 1645 342 1694 est
359 1642 385 1692 in
404 1640 522 1704 Augusta
534 1659 560 1692 a.

374 1730 476 1782 llarcus
494 1730 704 1794 Ulyssipcnensis
722 1730 836 1782 eundem
856 1729 944 1783 iaudat
962 1733 987 1782 in
1008 1733 1062 1784 suis
1079 1729 1218 1786 Obroniot's
1232 1729 1265 1785 S.

302 1816 451 1884 Frunotsoi,
465 1819 568 1884 scriptis
586 1821 655 1872 circa
669 1819 747 1885 issu,
761 1833 822 1883 pars
834 1820 862 1886 ii,
875 1819 921 1873 lib.
938 1821 962 1872 i.
975 1834 998 1872 c.
1012 1821 1037 1886 1,
1049 1822 1127 1888 eique
1145 1818 1266 1874 attribuit

258 1979 260 1984 Ι
303 1920 354 1961 000
374 1913 474 1960 tantum
502 1905 599 1960 librum
621 1906 871 1978 circumpositione
900 1907 1015 1963 bominis
1042 1907 1187 1974 interioris,
1215 1912 1264 1976 qui

303 1996 400 2061 incipit:
423 1997 475 2048 cin
494 1998 575 2061 priori
595 1995 751 2064 Formulaa,
764 1997 811 2050 sed
830 1999 908 2049 etiem
928 1999 999 2050 ilium
1018 1996 1049 2052 de
1068 1996 1267 2066 conpositione

303 2082 420 2140 bominis
438 2083 590 2152 entmiom's,
611 2087 665 2138 scii.
685 2085 781 2140 tibrum
801 2089 926 2152 primum.

374 2174 529 2227 Franciscus
546 2175 669 2240 Gonzaga
687 2173 720 2228 de
738 2173 849 2243 Oriplm
866 2173 1023 2243 serupbieue
1048 2173 1200 2245 llelipr'onis,
1222 2189 1265 2229 oa·

303 2264 357 2328 pite
385 2262 419 2315 do
446 2260 624 2328 scriptoribus
650 2262 807 2317 illustribus:
831 2264 898 2317 «Fr.
917 2265 1000 2316 David
1019 2265 1187 2330 Teutonicus,
1214 2266 1266 2318 bu·

303 2365 443 2406 manarum
471 2351 674 2419 divinarumque
702 2352 846 2406 litterarum
874 2365 926 2405 non
954 2354 1070 2419 ignarus,
1098 2355 1203 2419 scripsit
1230 2352 1266 2408 de

306 2439 500 2509 Compositlonc
519 2439 634 2495 bominis
646 2439 790 2496 eetemmis
802 2439 845 2494 lib.
859 2443 878 2494 1.
888 2468 926 2481 -
938 2441 1078 2496 Sermones
1090 2441 1124 2495 de
1143 2447 1266 2508 tempore

304 2528 349 2583 lib.
366 2532 430 2584 1.-
444 2529 482 2582 De
501 2531 601 2584 Sanctis
620 2529 665 2582 lib.
678 2532 695 2583 l.
707 2529 805 2584 claruit
824 2543 875 2583 non
893 2532 971 2596 longe
984 2537 1043 2597 post
1055 2532 1082 2584 ii.
1095 2531 1266 2584 Franciscum

305 2617 423 2685 obiitque
441 2617 575 2684 Augustae
594 2618 791 2672 vindelicorum
804 2639 829 2672 a.

375 2709 421 2760 iiis
438 2709 553 2775 antiquis
569 2707 734 2762 documentis
752 2708 954 2775 subiungendae
973 2714 1034 2762 sont
1051 2708 1120 2762 duae
1133 2709 1191 2761 illae
1209 2711 1265 2774 cpi·

305 2797 386 2850 stolae
404 2797 501 2850 Fratris
520 2797 612 2863 David,
634 2811 701 2865 quas
726 2800 751 2850 in
777 2805 865 2852 nosue
890 2799 1003 2852 editione
1022 2801 1160 2863 posuimus
1178 2811 1262 2850 unam

304 2892 364 2940 ante
382 2887 498 2952 primum
517 2885 622 2949 librum,
641 2887 749 2940 aiteram
768 2895 828 2941 ante
855 2886 1010 2940 secundum.
1029 2888 1083 2940 liae
1101 2893 1265 2955 attestantur,

304 2972 421 3028 Fratrem
443 2972 526 3026 David
546 2973 626 3028 luisse
644 2987 696 3026 non
716 2980 816 3026 tantum
835 2972 930 3026 Fratris
942 2974 1083 3041 Bertboldl,
1098 2974 1266 3029 celeberrimi

307 3062 503 3130 praedicatoris,
521 3061 634 3128 socium,
655 3061 701 3115 sed
726 3064 804 3114 etlam
833 3062 952 3116 eiusdem
981 3065 1071 3118 novitii
1090 3063 1264 3133 muplstrum.

367 3202 377 3234 ¹
394 3207 444 3255 Hoc
455 3203 579 3256 sumsimus
590 3218 619 3252 cx
628 3203 691 3251 libro
701 3204 845 3250 Geselrielrte
855 3205 900 3250 der
910 3203 1104 3252 Obardeutsclren
1116 3203 1264 3264 (strumber-

304 3289 356 3348 ger)
368 3288 610 3346 Minarttenprovtnz
620 3300 665 3334 rou
681 3286 707 3331 P.
725 3284 816 3332 Conrad
831 3285 913 3343 babet,
931 3285 1062 3345 wirzburg
1080 3285 1148 3346 1886,
1165 3301 1189 3346 p.
1206 3287 1263 3347 254,

304 3367 433 3415 11010228.
451 3366 551 3414 Constet
567 3367 670 3424 tautum,
688 3366 728 3413 Fr.
746 3365 821 3413 David
837 3368 954 3414 mortuum
965 3381 1016 3415 assu
1027 3369 1083 3414 sate
1099 3367 1141 3414 Fr.
1154 3367 1265 3416 Barthol-

304 3447 368 3508 dum,
385 3447 519 3496 detractum
536 3445 574 3494 dio
592 3447 628 3494 14.
645 3447 778 3494 Decembris
795 3447 863 3494 1272.
878 3445 973 3506 Utrum,
990 3449 1018 3494 ut
1033 3449 1086 3495 ruli
1101 3461 1173 3507 supra
1183 3447 1265 3496 (11000-

304 3527 398 3586 berger,
412 3525 450 3574 15.
462 3525 574 3574 Noromb.
594 3525 663 3584 leti,
680 3539 712 3572 aa
727 3539 789 3574 anno
807 3525 867 3574 iare
883 3525 933 3574 sire
949 3525 987 3574 dic
1005 3525 1042 3574 11.
1055 3525 1104 3573 sive
1115 3525 1153 3573 die
1165 3525 1203 3574 15.
1215 3527 1265 3574 No·

303 3608 390 3666 romb..
408 3619 455 3655 nou
470 3605 565 3654 videtur
580 3619 632 3654 sess
646 3607 749 3662 000100ος
767 3605 866 3667 mimum
882 3609 962 3655 minen
977 3607 1016 3654 001
1033 3605 1109 3666 mame
1123 3605 1262 3656 verisimile.
