2776 4316
267 223 332 292 ⁶238
626 241 715 289 uranu
738 241 877 288 rnnrrus.

267 347 351 414 circa
387 365 420 414 se
455 353 612 433 tepescat;
644 345 717 413 iude
754 345 840 413 dolet
869 355 901 412 et
930 345 1086 412 tristatur.
1124 343 1236 430 Spiri-

268 454 371 521 toolis
394 461 501 521 autem
527 453 605 532 rult,
629 470 740 519 omnes
774 470 882 520 secum
912 453 1012 537 diligi,
1035 460 1066 519 et
1102 453 1133 518 in
1171 452 1236 518 huc

267 562 402 648 gaudet,
436 562 512 646 quia
550 561 666 627 caritas
699 567 748 626 est
787 561 837 626 sui
877 559 1163 640 communicativa,
1203 567 1236 626 el

268 677 387 755 quanto
411 668 512 752 magis
535 667 696 746 dilatatur,
720 674 808 732 tanto
831 666 970 753 amplius
985 673 1134 751 augetur,
1151 667 1236 733 sicul

268 775 359 861 ignis,
383 792 447 860 quo
470 775 566 860 plura
589 773 727 840 tomenta
749 773 874 859 accipit,
896 791 936 840 eo
959 773 1060 860 magis
1084 775 1212 841 crescit.

361 883 389 947 5.
415 881 567 966 Quintum
592 888 640 947 est
663 881 720 947 iro
743 887 774 946 et
807 880 1133 966 conturbationum
1169 889 1238 948 tan·

269 996 349 1067 tum,
374 993 410 1054 ut
435 987 530 1071 vulgo
554 987 682 1066 dicitur,
706 1004 740 1053 se
764 986 912 1073 diligunt,
936 987 1022 1073 quud
1041 986 1237 1073 praenimia

269 1093 437 1160 dilectione
456 1111 523 1185 'nun
547 1100 680 1177 possunt
703 1093 763 1159 sibi
793 1103 905 1160 mutuo
929 1109 1061 1178 parcere
1093 1111 1111 1158 a
1140 1092 1238 1160 mole·

270 1199 329 1265 stia
354 1199 510 1266 laesionis.
542 1201 630 1266 Sicut
653 1199 746 1268 enim·
772 1199 946 1285 aliquando
971 1207 1071 1266 metas
1106 1199 1238 1266 excedit

269 1323 381 1372 eorum
407 1305 587 1372 inordinata
610 1305 737 1372 dilectio
761 1307 792 1372 in
818 1306 1020 1384 blandiendo,
1044 1306 1088 1372 ita
1104 1315 1238 1372 econtra

270 1414 463 1499 quandoque
494 1411 622 1479 excedit
657 1413 688 1478 in
724 1414 955 1491 conturbando,
983 1414 1126 1480 maxime
1161 1431 1237 1480 cum

271 1538 356 1586 unus
379 1520 517 1586 alterum
543 1520 574 1585 in
598 1521 705 1606 aliquo
729 1519 810 1587 litote
833 1521 975 1600 offendit,
993 1523 1100 1588 minus
1116 1520 1239 1588 salisia-

271 1625 383 1692 clendo
407 1625 466 1693 sibi
491 1626 521 1692 io
546 1626 606 1705 iris,
631 1644 713 1713 quae
736 1627 907 1707 desiderat,
932 1627 982 1693 vel
1005 1627 1102 1692 aliam
1129 1644 1237 1712 perso

272 1750 356 1812 uam,
381 1740 416 1799 ut
440 1733 468 1800 ei
493 1734 630 1814 videtur,
648 1735 720 1820 plus
736 1734 883 1814 amando,
907 1735 1074 1821 quianon
1096 1736 1240 1802 tenerior

273 1839 410 1918 dilectio,
434 1859 471 1906 eu
496 1841 657 1908 molestior
681 1841 823 1908 offensio.
839 1842 915 1908 lnde
931 1850 1068 1926 surgunt
1084 1843 1239 1927 querelae

272 1953 303 2012 et
327 1945 521 2032 improperia
544 1948 762 2033 impensorum
787 1948 1014 2016 beneficiorum
1043 1957 1075 2015 et
1101 1967 1239 2034 magnac

272 2051 357 2132 fidei,
381 2072 463 2140 quae
488 2054 549 2120 iam
574 2055 700 2139 perdita
723 2055 874 2122 videntur
890 2055 975 2140 apud
993 2055 1166 2140 ingratum.
1183 2056 1241 2122 Se

273 2168 418 2245 quuntur
441 2160 535 2229 etiam
560 2161 784 2228 detestationes
807 2170 839 2229 ct
862 2161 1035 2228 iuratoriae
1050 2163 1240 2248 promissio-

274 2283 340 2343 neo,
364 2267 449 2352 quod
476 2285 639 2353 nunquam
664 2267 814 2353 deinceps
838 2267 1003 2335 reliteum
1020 2267 1165 2353 diligere,
1181 2267 1237 2354 qui

275 2372 320 2440 sic
343 2369 500 2440 retribuit
522 2375 581 2440 sibi
606 2374 699 2442 malo
720 2393 794 2460 pro*
809 2374 903 2441 bonis
925 2381 957 2442 et
980 2375 1096 2442 odium
1109 2395 1175 2462 pro
1191 2375 1240 2442 di·

275 2479 407 2547 lcctiouc
421 2482 439 2546 ¹.
465 2480 639 2567 Aliquando
655 2482 876 2568 adiunguntur
892 2481 1059 2562 clamores,
1075 2491 1241 2550 oontume

274 2586 344 2668 liae,
370 2589 536 2675 vituperia,
572 2588 749 2678 maledicta,
781 2589 1012 2670 infamationes,
1040 2589 1241 2675 proditiones

274 2703 471 2764 secretorum
496 2705 527 2764 et
552 2698 653 2764 multa
669 2695 922 2765 inconvenientia
937 2696 1135 2777 huiusmodi,
1156 2696 1241 2765 sicul

274 2805 402 2889 saepius
425 2804 622 2889 experimur.
648 2804 847 2890 Spiritoolis
870 2821 947 2871 vero
970 2822 1062 2871 amor
1084 2804 1241 2889 pacificus

275 2917 332 2988 est,
357 2910 541 2990 tractabilis,
577 2911 742 2996 ignoscens
776 2909 878 2978 errori
911 2918 943 2977 et
965 2909 1142 2977 infirmitati
1168 2929 1242 2998 pro

275 3017 366 3096 ximi,
390 3024 420 3084 ct
443 3017 479 3083 in
501 3016 626 3102 spiritu
649 3016 795 3084 leuitatis
818 3018 989 3084 instructis
1011 3017 1128 3106 aliquo
1141 3037 1241 3104 proc

275 3132 475 3210 occupatum
499 3123 614 3192 delicto
627 3124 650 3190 ¹.

365 3223 395 3298 6.
425 3232 558 3299 Sextum
590 3239 639 3299 est
668 3231 874 3299 munusculo
904 3241 934 3298 at
969 3231 1082 3299 dalcae
1109 3231 1242 3300 litterae

277 3338 443 3405 cunctorii
476 3337 670 3406 dictaminis
704 3346 735 3405 et
770 3338 948 3405 conviviola
974 3346 1006 3406 et
1030 3338 1174 3407 morselli
1200 3340 1243 3408 ab

276 3462 332 3512 ora
355 3445 461 3512 dilecti
486 3446 568 3532 rapti
592 3454 624 3513 ct
647 3445 807 3531 quaelibet
823 3445 897 3527 alia,
912 3464 995 3532 quae
1010 3445 1147 3514 dilectus
1169 3463 1242 3515 con

348 3566 357 3598 ¹
378 3569 418 3622 ns.
438 3567 481 3632 aa,
501 3571 548 3636 rc;
569 3569 630 3637 roe,
650 3569 676 3622 c.
830 3566 917 3623 ’uon
935 3569 961 3638 o,
982 3570 1005 3622 t.
