2792 4318
297 210 339 276 [16
659 219 747 267 LlBER
771 212 895 266 PRIMUS.

296 332 381 420 apud
407 339 447 411 le,
471 337 502 397 el
524 328 566 395 ab
588 325 659 394 aliis
683 326 714 392 in
731 334 762 394 te
778 343 816 392 ea
832 324 999 392 diiudicari
1017 331 1049 392 ct
1066 323 1262 424 reprehendi

296 456 358 505 non
384 435 511 502 rnireris
534 451 592 502 uec
615 432 801 518 indigneris,
824 431 897 500 licet
922 430 1154 497 verecunderis.

386 544 417 610 t.
441 542 522 608 Haeo
545 546 577 608 et
599 539 661 606 alia
685 539 779 624 plura
815 539 846 605 in
883 539 1070 624 memetipso
1104 537 1265 605 veraciter

296 665 535 736 recognoscere,
560 646 716 715 erubesco
751 654 783 713 et
817 645 919 726 doleo,
943 645 999 712 sed
1027 663 1089 711 non
1124 652 1265 725 tantum,

296 752 378 821 sicul
402 752 512 832 debeo,
536 758 568 819 et
591 750 662 818 ideo
686 769 747 817 uon
783 750 929 829 emendo,
953 749 1036 817 sicut
1069 767 1195 837 possem
1231 758 1266 818 et

296 860 473 945 expediret.
500 859 546 925 Ex
570 876 622 925 me
645 859 714 944 ipso
737 864 843 925 autem
880 857 1031 942 intelligo,
1062 856 1148 943 quod
1179 858 1266 925 haec

297 965 347 1032 vel
371 965 479 1051 aliqua
502 965 636 1032 istorum
661 965 755 1032 etiam
782 964 929 1050 proximo
944 981 1026 1030 -ureo
1057 964 1158 1031 inesse
1186 981 1267 1049 pos·

296 1079 388 1149 sunt;
411 1079 442 1138 et
467 1071 538 1139 ideo
563 1071 784 1158 unusquisque
816 1071 936 1138 iudicet
958 1077 991 1139 el
1025 1066 1267 1157 circumspiciat

295 1177 513 1262 semetipsum,
537 1164 744 1244 considerans
766 1195 808 1244 ex
834 1194 898 1243 uuo
926 1165 1039 1256 latere,
1073 1177 1177 1263 qualis
1209 1177 1265 1256 sit,

296 1283 448 1362 inanime,
472 1282 550 1369 quid
573 1283 633 1351 sihi
657 1283 739 1351 desit
764 1283 891 1350 boniet
915 1283 989 1349 insit
1012 1283 1087 1349 mali
1111 1301 1152 1351 ex
1185 1283 1265 1350 rilio

297 1390 446 1476 proprio;
469 1408 511 1456 ex
535 1390 635 1457 altera
660 1397 760 1476 parte,
784 1389 889 1474 qualis
912 1406 982 1456 esse
1005 1388 1121 1457 debeat
1144 1389 1177 1455 in
1200 1389 1265 1455 rir-

297 1495 420 1563 tntibus
444 1503 474 1564 et
498 1496 643 1564 moribus
667 1496 768 1576 bonis,
792 1503 828 1561 ul
851 1513 892 1563 er
917 1495 978 1562 hoc
1006 1495 1195 1564 humilietur
1218 1515 1263 1565 ex

297 1603 474 1688 cognitione
497 1603 640 1670 delectus
663 1602 712 1670 sui
747 1608 779 1670 et
813 1611 1007 1688 provocetur
1037 1604 1079 1671 ad
1114 1603 1262 1671 studium

296 1709 483 1796 proficiendi
507 1710 547 1776 ad
571 1709 635 1789 illa,
659 1728 742 1796 qnae
766 1711 852 1778 ridel
876 1727 910 1778 se
934 1710 1052 1778 debere
1075 1711 1180 1778 lacere
1208 1711 1260 1779 rel

297 1815 434 1897 habere3
451 1824 482 1883 et
504 1816 577 1883 ideo
594 1816 678 1884 Deus
694 1819 896 1903 regralietur,
912 1816 939 1885 si
955 1818 987 1883 in
1003 1817 1165 1904 aliquibus
1182 1818 1264 1886 torte

298 1939 339 1988 ex
364 1921 433 1989 eius
456 1923 558 2006 gratia
582 1922 760 2008 profecerit.

611 2117 795 2186 Cnrrrunun
818 2119 947 2187 XXlilV.

375 2275 422 2342 Dc
445 2275 575 2344 doctos
598 2277 767 2357 cauendis,
790 2279 935 2346 secondo
958 2279 1072 2367 quood
1093 2277 1191 2346 altos.

391 2458 419 2522 l.
444 2457 555 2543 Quoad
579 2455 658 2524 alios
680 2475 757 2525 care
781 2474 800 2523 a
816 2456 960 2525 duobus:
978 2457 1129 2543 primurn,
1146 2462 1265 2524 utnon

299 2561 424 2653 curioso
447 2563 600 2649 respicias
624 2563 674 2630 rel
698 2563 867 2650 perquiras
883 2581 996 2631 eorum
1012 2579 1174 2650 personas,
1192 2564 1266 2632 rul-

298 2677 362 2750 lus,
385 2669 619 2755 dlspositiones‚
644 2669 800 2751 habitum,
823 2676 943 2756 gestus,
966 2670 1058 2748 tacta,
1081 2669 1132 2736 rol
1164 2669 1266 2737 rerba

298 2776 349 2843 rel
373 2775 485 2844 officia.
510 2775 543 2840 ln
568 2783 722 2861 quanturn
747 2774 802 2842 libi
828 2794 890 2843 non
914 2776 1025 2844 attinet
1041 2777 1101 2842 ista
1116 2792 1267 2862 perscru-

298 2884 359 2951 tari
383 2882 529 2950 utilitatis
552 2900 659 2963 causa,
684 2883 726 2950 ita
750 2883 919 2970 pertransi,
943 2883 986 2950 ita
1008 2882 1120 2968 cogita,
1136 2882 1200 2948 acsi
1216 2899 1268 2950 es

299 2999 368 3058 sent
391 3008 467 3059 oves
490 2991 541 3057 rel
565 2989 627 3057 alia
643 2990 803 3071 animalia,
819 2998 856 3058 ul
872 2991 903 3058 in
920 2991 1010 3058 nullo
1025 2991 1110 3057 circa
1126 2988 1198 3057 illos
1212 3005 1268 3058 oc·

298 3116 396 3182 cupos
419 3099 524 3166 risurn
551 3107 642 3166 tuum
659 3098 708 3165 rel
732 3116 798 3166 cor.
817 3135 858 3146 -
875 3098 1070 3175 Secundum,
1085 3105 1122 3165 ut
1138 3115 1199 3164 non
1216 3096 1267 3165 iu-

298 3204 384 3272 dices
409 3205 459 3272 rel
482 3203 638 3272 diiudices
661 3203 702 3271 de
725 3203 806 3286 aliis,
830 3203 944 3290 quales
960 3203 1022 3270 sint
1039 3202 1089 3270 vel
1106 3219 1175 3270 esse
1191 3220 1267 3289 pos

300 3309 417 3376 sintin
442 3317 557 3390 mente,
583 3309 614 3375 in
639 3308 762 3391 merito,
787 3309 818 3376 in
853 3309 997 3376 moribus
1033 3308 1083 3376 vel
1114 3309 1146 3376 in
1180 3307 1268 3389 aliis,

300 3414 375 3501 quia
398 3415 469 3482 talis
493 3416 650 3484 discussio
686 3435 767 3483 rana
802 3423 851 3484 est
885 3424 916 3484 et
952 3414 1136 3502 saepissime
1171 3413 1266 3498 talsa,

300 3521 397 3588 immo
421 3523 609 3603 temeraria;
632 3531 664 3592 et
687 3525 817 3611 insuper
840 3541 896 3592 cor
928 3522 1124 3608 inquietatur
1154 3528 1186 3589 el
1210 3521 1268 3590 ali·
