2776 4316
301 239 366 307 att
656 257 747 304 arnan
770 257 909 305 marina

299 362 468 450 aequitalis
491 361 654 428 iristitiam.
680 362 715 428 Et
739 361 812 428 licet
835 361 866 427 in
896 361 1001 428 biset
1024 361 1056 428 io
1090 360 1163 428 aliis
1198 377 1269 445 spe

299 469 421 538 cialiter
445 468 572 560 dicatur
595 467 767 535 laudabilis
783 467 884 535 rideri
900 467 971 535 eins
986 469 1127 554 potentia
1142 475 1174 534 et
1192 485 1269 553 pro

298 576 440 643 videntia
464 575 512 642 rel
535 575 600 641 alia
623 577 654 641 in
678 575 744 658 [teo
765 575 951 654 laudabilia,
974 583 1081 642 umen
1104 575 1136 640 in
1152 575 1269 659 siugu-

299 683 338 750 lis
354 682 424 750 eins
440 681 593 768 operibus
606 682 713 748 omnia
729 681 826 749 simul
843 681 1082 766 intelliguntur;
1093 681 1150 748 sed
1166 698 1269 748 caum

295 790 465 857 brevitatis
488 796 624 856 transeo.

295 951 298 960 ,
349 961 351 966 ,
389 898 418 962 6.
444 897 585 964 Tertium
611 914 693 982 opus
728 897 783 963 liei
813 904 863 964 est
894 896 1027 962 humani
1051 894 1177 981 generis
1215 913 1269 960 re-

294 1002 453 1088 demptae,
477 1002 508 1068 in
532 1020 596 1088 quo
631 1003 812 1090 specialiter
841 1011 977 1090 apparet
998 1002 1170 1070 laudabilis
1191 1003 1269 1069 eins

299 1107 440 1176 clemens
463 1107 712 1187 misericordia,
735 1127 799 1195 qua
823 1116 950 1175 nostrae
967 1109 1114 1176 miseriae
1136 1125 1268 1194 compa

298 1215 380 1282 tiens
403 1214 545 1282 decrevit
569 1223 710 1282 nostram
729 1221 883 1282 naturam
917 1231 1084 1282 assumere
1116 1223 1149 1281 et
1172 1215 1268 1282 delti-

299 1330 366 1390 tum
404 1322 626 1390 satisfactionis
657 1331 786 1390 nostrae
811 1341 869 1408 pru
892 1330 1022 1410 peccato
1056 1329 1165 1390 nostro
1198 1341 1268 1390 mo

299 1430 385 1498 riens
407 1430 575 1497 exsolvere
599 1438 630 1497 et
653 1430 698 1497 sir
723 1447 780 1496 nos
804 1430 844 1497 de
869 1431 980 1498 mortis
1007 1430 1115 1498 debito
1135 1430 1268 1517 eripere

299 1544 329 1604 et
354 1536 383 1602 in
410 1536 575 1623 pristinam
601 1537 771 1604 restituere
802 1537 999 1622 dignitatem.
1022 1537 1104 1622 Quid
1128 1537 1269 1605 clemen

300 1642 373 1718 tius,
396 1641 474 1728 quid
500 1641 740 1709 misericordius
763 1642 894 1727 cogitari
918 1651 1037 1728 posset,
1060 1659 1156 1729 qnam
1178 1661 1269 1710 sum

299 1765 389 1816 mum
415 1748 582 1815 Dominum
609 1767 667 1834 pro
690 1749 853 1816 viliservo
877 1749 947 1816 lieri
972 1749 1152 1830 minimum,
1177 1751 1268 1818 inno

297 1862 420 1922 centem
447 1873 505 1940 pro
530 1872 584 1923 reo
608 1855 775 1922 liberando
799 1873 833 1924 sc
858 1857 952 1922 morti
977 1856 1117 1937 tradere,
1133 1875 1193 1943 pru
1209 1859 1270 1924 inl

299 1961 388 2030 micis
412 1961 628 2048 glorificandis
659 1963 832 2048 inglorium
868 1962 937 2030 lieri
972 1972 1004 2030 et
1026 1964 1069 2030 ab
1092 1964 1181 2049 ipsis,
1205 1983 1268 2050 pro

297 2068 417 2154 utribus
441 2068 571 2152 patitur,
595 2087 628 2135 se
651 2068 753 2136 occidi
779 2069 945 2153 permittit

388 2178 417 2240 7.
441 2174 598 2260 Quartum
622 2194 704 2262 cpns
728 2175 782 2242 liei
818 2181 867 2243 est
899 2195 983 2261 opus
1006 2175 1266 2262 iustificationis

297 2289 435 2362 nostrae,
459 2282 491 2349 in
516 2300 580 2368 qno
604 2282 775 2350 laudabilis
797 2291 932 2370 apparet
966 2283 1104 2369 benigna
1135 2285 1266 2352 divinae

293 2387 477 2474 patientiae
510 2388 722 2466 sustinentia,
758 2407 822 2474 qua
854 2396 1038 2475 peccatores
1068 2407 1132 2458 non
1156 2391 1266 2458 sotum
1378 2397 1379 2426 t

298 2495 454 2581 patienter
479 2495 602 2575 tolerat,
627 2494 681 2562 sed
706 2502 737 2562 et
762 2494 896 2581 benigne
919 2516 939 2561 a
961 2505 1092 2583 peccalo
1114 2495 1270 2564 iustificat

298 2607 329 2668 et
352 2618 370 2666 a
396 2608 522 2687 peccato
546 2599 687 2668 defendit
722 2609 753 2668 et
783 2603 918 2687 gratiam
943 2601 1087 2670 merendi
1111 2601 1213 2669 donat
1235 2609 1269 2670 et

297 2708 479 2776 occasiones
510 2707 652 2775 merendi
688 2707 835 2794 providet
869 2716 901 2776 et
934 2709 1142 2776 Sacramenta
1171 2708 1266 2796 quasi

298 2831 374 2881 vasa
398 2814 519 2898 gratiae
542 2813 688 2894 instituit,
712 2822 749 2881 nt
772 2832 829 2901 per
864 2831 902 2883 ea
936 2815 1125 2883 inlrrndatnr
1161 2817 1267 2902 gratia

261 2969 263 2974 .
297 2920 473 2987 iustilicans
496 2940 514 2986 a
536 2927 676 3006 peccato,
692 2929 724 2988 et
740 2920 893 3007 Spiritum
917 2939 1013 2990 suurn
1037 2922 1093 2990 dat
1109 2922 1264 2992 fidelibus
1377 2975 1378 2996 r

296 3027 336 3094 ad
362 3028 650 3114 compunctionem,
673 3029 713 3096 ad
744 3029 969 3109 eruditionem,
1000 3029 1040 3096 ad
1076 3029 1267 3098 consolatio·

296 3151 369 3201 nem
393 3143 425 3202 et
458 3135 498 3202 ad
534 3135 640 3202 varias
676 3135 810 3203 virtutes
840 3144 873 3224 et
907 3136 1084 3220 gratiarum
1109 3139 1266 3223 operatio

298 3257 365 3320 nes,
389 3240 507 3334 lactens
530 3241 570 3308 de
596 3241 731 3308 inimicis
753 3242 872 3310 amicos
907 3242 962 3309 Dei
987 3251 1020 3310 et
1048 3241 1138 3329 tilios
1161 3253 1193 3310 et
1216 3241 1266 3310 lte

296 3349 390 3414 redes
404 3348 428 3426 ¹,
446 3348 581 3415 liberum
598 3347 768 3417 arbitrium
785 3349 825 3416 ad
844 3349 962 3417 dranum
981 3367 1185 3436 promovens,
1207 3367 1264 3418 nec

295 3462 401 3523 tamen
427 3455 605 3522 libertatem
628 3455 788 3537 auterens,
812 3455 1043 3524 involuntariae
1067 3455 1188 3526 iaciens
1212 3475 1263 3525 ro

368 3577 475 3634 ¹R0m.
494 3581 518 3648 8,
540 3579 584 3634 l'l.
630 3631 636 3646 ,
