2776 4316
312 213 377 278 258
509 215 511 217 ’
669 203 759 280 bruun
783 229 922 277 rennos.

272 333 275 338 ’
311 345 477 421 praetereo
501 337 675 403 immorari.
696 337 888 404 Obruitionc
905 337 954 404 vel
971 337 1195 406 obstructione
1209 341 1276 406 oris

311 449 342 510 et
365 443 534 520 labiorum,
558 462 597 509 ne
614 445 721 528 lingua
739 445 881 528 prosiliat
899 445 928 509 in
947 446 1045 512 verba
1061 445 1274 532 llantmigera,

311 549 361 616 vel
375 567 413 614 ne
427 567 540 614 manus
557 559 728 636 erumpant
744 553 775 616 in
793 551 873 618 lacta
888 551 1079 627 furibunda;
1096 553 1275 619 Psalmns¹:

312 655 414 733 Pone,
441 656 589 735 Domine,
625 657 812 724 custodiam
846 659 901 723 ori
930 677 1010 724 mco.
1038 660 1277 745 Dissipaticne,

310 771 347 828 ut
371 763 411 828 ad
436 761 516 829 alios
540 771 630 830 actus
655 765 702 832 vel
741 773 895 832 tractatos
924 766 1018 831 bomo
1042 784 1076 832 se
1101 776 1279 846 convertat,

310 868 428 953 quibus
452 869 633 936 altstractns
657 870 863 936 obliviscatur
888 872 1050 950 materiae,
1067 890 1134 956 qua
1150 889 1280 938 succen-

313 992 368 1040 sus
391 982 440 1042 est
464 975 502 1040 ad
529 975 627 1055 iram;
653 975 744 1055 sicut,
769 995 841 1042 cum
869 976 952 1060 ligna
976 977 1175 1061 dissipantur
1196 997 1216 1042 a
1241 995 1277 1043 se

313 1080 462 1160 invicem,
486 1082 566 1166 ignis
591 1082 714 1150 divisus
737 1081 853 1148 delicit.
880 1080 1014 1168 llefcctn
1038 1084 1214 1160 moterlo-e,
1242 1093 1279 1149 nt

311 1187 407 1252 homo
431 1188 597 1255 abstrahat
620 1206 654 1254 se
677 1189 719 1255 ab
743 1189 806 1255 illis
826 1189 958 1274 negotiis
981 1197 1012 1255 et
1036 1191 1282 1275 cupiditatibus

311 1311 392 1380 quae
410 1295 511 1360 solent
530 1295 709 1361 ministrare
726 1296 905 1362 occasiones
920 1297 985 1362 irae
998 1305 1029 1362 el
1043 1297 1280 1380 impatientiae;

311 1400 481 1467 Proverbia
500 1402 532 1465 ²:
571 1401 653 1468 Cum
689 1401 867 1488 defecerint
902 1403 1007 1488 liguo,
1042 1403 1280 1489 exstinguetur

311 1507 411 1594 t'pnr's,
436 1517 465 1574 et
485 1528 671 1574 susurrone
694 1508 876 1587 subtracto,
893 1510 1010 1593 turpio
1026 1511 1279 1598 conquiescunt.

311 1613 514 1680 Susurrotio
529 1624 577 1680 est
601 1616 724 1682 occulta
748 1617 918 1700 suggestio,
943 1635 1024 1701 quae
1050 1617 1212 1684 bominem
1234 1620 1276 1684 in·

312 1718 405 1804 stigat
421 1721 460 1787 ad
480 1723 629 1789 materias
648 1723 761 1789 litium.

400 1829 429 1893 d.
452 1829 618 1894 Secundus
635 1831 754 1913 gradus
772 1829 940 1914 patientiae
957 1837 1014 1908 est,
1030 1848 1105 1896 cum
1124 1850 1164 1897 ex
1185 1831 1281 1916 longo

311 1951 372 2000 usu
397 1936 535 2019 patiendi
560 1944 592 2002 et
620 1937 846 2020 impatientiam
873 1937 1051 2004 refrenandi
1079 1939 1176 2004 bomo
1199 1939 1281 2005 didi·

311 2042 390 2109 cerit
415 2043 476 2109 iam
503 2062 564 2109 non
590 2045 707 2110 terreri.
731 2045 778 2110 vel
797 2045 919 2110 turbari
936 2045 1092 2124 adversis,
1110 2047 1166 2112 sed
1184 2047 1279 2131 quasi

312 2149 343 2214 in
370 2150 436 2216 loco
462 2151 583 2216 munito
609 2153 815 2218 inconcussus
850 2153 1093 2219 circumstantes
1128 2153 1281 2221 adversa-

310 2257 375 2321 rios
399 2257 552 2335 intuetur,
575 2275 656 2342 quos
680 2257 757 2331 nibil
790 2259 849 2324 sibi
876 2276 968 2343 posse
992 2276 1106 2325 nocere
1136 2260 1278 2327 conlidit

309 2363 445 2429 Tamdiu
468 2372 575 2430 autem
594 2364 689 2430 bomo
705 2365 849 2431 adversis
869 2373 1018 2446 terretur,
1041 2367 1198 2450 quamdiu
1224 2368 1280 2433 ali·

309 2469 386 2554 quid
412 2471 514 2555 diligit
531 2472 705 2555 temporale
729 2472 759 2536 in
777 2489 811 2538 se
829 2472 876 2538 vel
894 2480 987 2538 extra
1004 2490 1037 2538 se
1055 2474 1173 2556 ipsum,
1189 2473 1278 2559 quod

311 2577 400 2644 timet
436 2578 570 2661 perdere
606 2578 657 2644 vel
681 2579 777 2658 dolet,
814 2587 849 2645 ut
877 2597 1004 2665 corpus
1029 2598 1091 2659 reo,
1129 2581 1278 2660 bonores

310 2684 429 2750 amicos
452 2693 484 2750 ot
508 2685 669 2769 propriam
688 2686 895 2752 voluntatem.
911 2687 970 2770 Qui
988 2695 1095 2753 autem
1115 2689 1174 2753 ista
1193 2688 1278 2754 inor·

310 2789 416 2857 dinato
441 2809 502 2856 non
527 2791 640 2875 diligit,
664 2793 746 2858 siout
763 2812 823 2858 non
844 2794 936 2860 valde
960 2794 1139 2861 delectatur
1161 2793 1194 2861 in
1217 2796 1274 2874 eis,

309 2895 352 2961 ita
377 2914 433 2963 nec
457 2899 596 2981 graviter
620 2899 826 2966 contristatur
851 2918 909 2984 pro
933 2900 988 2975 eis,
1013 2900 1094 2967 sicut
1118 2901 1174 2985 qui
1192 2919 1277 2968 uxo

310 3021 377 3070 rem
404 3022 464 3070 non
490 3005 638 3070 dilectam
663 3006 759 3072 babet
783 3024 840 3072 nec
876 3005 916 3072 de
942 3007 1098 3074 vitricius
1125 3009 1278 3076 iucunda·

311 3117 363 3176 tur
388 3128 444 3177 nec
469 3111 508 3177 de
535 3119 635 3177 morte
651 3113 872 3178 conturbatur.
888 3113 1031 3197 —Quid
1057 3114 1154 3198 igilur
1173 3123 1278 3200 polest

312 3219 497 3286 tibinocere
513 3219 729 3300 adversarius
754 3221 840 3287 unde
864 3221 1089 3288 conturberis?
1110 3221 1141 3287 Si
1160 3222 1231 3288 odit
1250 3233 1278 3290 le

311 3325 341 3391 in
366 3326 465 3391 corde
491 3345 564 3404 sno,
590 3326 709 3393 malum
743 3345 836 3392 suum
871 3326 954 3393 intra
990 3327 1093 3412 ipsum
1127 3328 1276 3398 clausum

310 3441 358 3499 est
392 3441 423 3499 ot
449 3433 524 3498 nibil
551 3434 650 3519 tangit
673 3443 718 3511 te;
751 3452 852 3519 poena
877 3434 962 3500 illins
986 3443 1108 3500 lantum
1145 3444 1207 3516 est,
1243 3443 1277 3504 tn

382 3553 391 3585 ¹
413 3558 451 3609 ns.
473 3557 532 3622 rto,
552 3559 577 3609 a.
864 3557 959 3623 ²uari.
977 3559 1021 3626 ae,
1043 3559 1086 3611 eo.
