2808 4318
288 231 354 298 not
645 250 735 298 amna
757 248 896 298 mutus

288 356 318 422 in
343 353 488 441 coquina,
511 329 724 432 infirmitorio,
748 353 799 420 vel
822 352 956 420 alterius
980 352 1198 439 homoeosis,
1223 353 1256 420 iu

287 480 351 549 quo
375 460 500 529 nullum
525 461 679 527 honorem
704 459 757 527 vel
779 460 956 547 temporale
978 460 1185 528 commodum
1204 459 1257 527 vel

286 568 438 655 propriae
473 567 645 634 nannetis
676 567 827 634 solatium
860 575 1098 654 exspectamus.
1132 567 1170 633 Et
1194 566 1256 634 huc

285 683 335 742 est
358 679 469 743 contra
485 673 559 741 boui
575 674 682 759 operis
697 680 858 754 naturam,
874 674 972 761 quod,
987 673 1014 741 si
1029 673 1140 741 debito
1157 671 1257 740 modo

287 780 333 860 fit,
357 797 485 868 semper
520 780 669 850 laetificat
702 781 929 850 conscientiam
958 789 990 849 et
1012 780 1159 849 accendit
1182 779 1258 848 alfe·

287 883 374 955 ctn'm
398 888 440 954 ad
463 887 551 954 aliud
577 887 696 956 bonnm
719 887 914 968 laciendum,
930 887 1024 955 iuxta
1047 886 1128 954 illud
1147 887 1255 956 Eccle-

287 993 404 1060 siastici
419 993 445 1059 ¹:
471 993 538 1076 Qui
559 993 660 1060 edunt
682 1011 734 1060 mo
755 991 870 1061 calluc
897 992 1055 1060 auriam.
1086 993 1137 1061 Sic
1166 992 1256 1061 Deus

287 1099 381 1167 iussit
418 1107 547 1166 terrum
574 1100 763 1187 producere
797 1097 935 1168 labam
968 1099 1130 1168 virentem
1161 1109 1192 1166 et
1217 1098 1256 1167 li·

285 1225 392 1294 poclm
412 1205 622 1294 pomiferum
643 1214 674 1286 el
697 1205 820 1275 habens
855 1207 1116 1296 unumquodque
1142 1225 1255 1275 senten

288 1311 324 1378 in
346 1313 518 1399 semetipso
538 1312 672 1400 pencris
694 1313 785 1392 Μ’,
810 1313 915 1381 idest
943 1314 1026 1381 bona
1056 1331 1155 1400 opera
1187 1321 1254 1381 tam

288 1419 412 1486 minora
435 1438 532 1506 quam
558 1420 690 1500 maiora,
714 1437 807 1507 quac,
831 1421 857 1488 si
882 1421 995 1501 virent,
1019 1420 1128 1488 debito
1144 1420 1255 1505 vigore

287 1533 432 1612 peracta-
451 1526 568 1594 habant
591 1543 699 1595 seman
724 1528 778 1595 sui
798 1527 925 1613 generis
947 1527 980 1594 in
1004 1543 1050 1608 se,
1073 1527 1105 1594 id
1130 1534 1179 1596 est
1202 1528 1255 1596 de·

288 1632 443 1701 siderium
468 1633 602 1701 alterius
637 1633 709 1701 honi
746 1635 864 1722 operis,
887 1634 973 1722 quod
1004 1635 1097 1722 quasi
1121 1653 1255 1722 germen

288 1739 426 1824 pullulet
456 1758 497 1808 ex
526 1741 644 1826 priore.
672 1741 703 1807 Si
727 1750 835 1808 autem
859 1760 903 1810 cx
926 1741 1050 1810 desidia
1073 1742 1256 1829 elangueat,

288 1845 384 1913 etiam
409 1863 518 1914 mmen
542 1847 644 1934 ipsius
674 1846 908 1916 infructuosum
942 1848 1100 1928 manebit;
1124 1857 1157 1916 et
1181 1849 1256 1918 ideo

289 1952 394 2020 medat
418 1970 476 2020 nos
499 1953 587 2021 alind
613 1953 731 2021 bonum
757 1955 907 2041 incipere,
922 1954 999 2040 quia
1013 1971 1057 2021 ex
1081 1955 1145 2021 iam
1170 1955 1255 2023 lactu

289 2077 426 2146 parvum
451 2060 502 2127 vel
526 2060 651 2129 nullum
676 2061 881 2148 concepimus
896 2060 1075 2129 devotionis
1089 2061 1253 2130 allectum.

378 2169 409 2233 l.
433 2166 526 2234 Omni
550 2185 627 2253 ergo
656 2175 801 2254 lampone
835 2185 950 2236 servm
984 2167 1040 2236 Dei
1075 2151 1257 2255 provideat,

288 2273 366 2360 quid
392 2273 446 2340 illa
470 2275 549 2342 hora
565 2276 606 2342 sit
621 2275 726 2361 magis
738 2276 924 2363 expediam,
940 2282 977 2342 ut
992 2275 1106 2355 laciat;
1120 2284 1153 2344 et
1168 2276 1257 2364 qnod

288 2379 470 2448 laciendum
495 2381 621 2462 viderit,
645 2389 765 2469 penset,
789 2381 927 2469 qualiter
951 2381 1032 2450 illud
1056 2401 1200 2470 congrue
1223 2393 1257 2452 at

290 2487 469 2556 secundum
509 2488 637 2556 virtutis
671 2488 816 2574 regulam
853 2488 955 2574 magis
989 2496 1063 2575 apto
1097 2489 1255 2574 perficiat,

289 2602 445 2681 qllantum
471 2594 565 2662 valet.
588 2593 638 2662 Sic
661 2594 745 2661 enim
769 2592 1045 2662 assuefaciendum
1070 2601 1119 2662 cst
1134 2609 1256 2681 corpus

289 2709 321 2769 et
344 2700 482 2782 animus,
506 2709 543 2767 ut
566 2719 608 2768 ex
632 2719 694 2769 usu
719 2700 793 2768 boni
816 2700 924 2786 operis
947 2699 1037 2768 nullo
1061 2700 1173 2768 laboro
1197 2709 1257 2769 tec·

291 2807 383 2886 ritus,
409 2814 543 2894 paratus
565 2797 622 2874 sit'
640 2807 724 2875 sicnt
757 2821 872 2874 servm
896 2805 1001 2874 tidelis
1023 2813 1055 2876 ct
1077 2805 1173 2891 agilis
1195 2815 1257 2874 sta·

290 2913 347 2980 tim
372 2913 540 3000 imperanti
565 2913 698 2980 [lumino
721 2913 761 2980 all
779 2913 885 2981 omnia
901 2912 1102 2980 rationabilia
1124 2912 1257 2980 saeuitia

289 3021 440 3098 obediam
464 3021 545 3089 sicut
579 3021 726 3089 videmus
760 3021 792 3087 in
817 3020 919 3088 seins
942 3019 1174 3100 saecularibus
1197 3021 1255 3106 qui

290 3145 348 3196 nec
372 3145 449 3214 prae
473 3127 590 3214 frigore
615 3127 665 3195 val
690 3126 800 3194 labore
823 3127 873 3195 vol
898 3128 1004 3214 inopia
1027 3127 1079 3195 val
1094 3125 1159 3194 alia
1173 3125 1258 3195 diffi-

290 3232 409 3301 cnltate
431 3232 623 3319 pigritantur
647 3231 785 3300 dominis
808 3232 877 3300 suis
900 3250 959 3319 pro
981 3249 1081 3320 parva
1106 3231 1256 3300 mercede

291 3358 348 3427 per
372 3341 465 3428 longa
489 3349 651 3408 ursarum
676 3340 779 3427 spatia
801 3339 896 3407 etiam
921 3339 955 3406 in
977 3339 1122 3426 periculo
1144 3356 1257 3425 corpo

289 3448 336 3516 ris
368 3447 511 3528 obedire,
543 3454 672 3534 gnatum
711 3447 875 3527 habentes,
912 3446 938 3512 si
978 3463 1038 3533 pro
1073 3445 1253 3532 gratiarum

362 3567 371 3602 ¹
391 3568 456 3638 Cap.
475 3570 518 3638 ll,
538 3571 581 3625 te.
842 3567 939 3624 ’Gan
957 3569 983 3638 l,
1005 3569 1048 3624 ll.
