2738 4316
489 256 673 306 PRAEFATIO.
1009 255 1064 304 xix

100 361 158 413 editi
177 368 243 415 sunt
260 360 401 429 Profectus
418 360 616 432 Reboiosoruot
635 361 672 428 (id
692 372 730 416 est
752 360 795 413 iib.
816 361 844 415 11.
862 369 889 414 91
906 361 944 414 111.
960 369 1064 414 noerae

100 450 243 517 editionis).
261 451 407 519 Utrumque
425 465 494 518 opus
516 452 582 504 19199
609 450 768 504 adscribitur
795 451 1002 517 bonaventurae,
1030 449 1065 502 de

100 555 153 608 quo
177 542 264 595 videri
291 547 400 608 possunt
428 543 615 607 prolegomena
644 541 681 610 (p.
701 541 816 596 11111111.
834 548 861 595 91
879 539 958 594 XCV.
978 539 1063 607 seqq.)

100 630 132 682 ati
152 636 217 684 tom.
238 630 299 682 Viti.
321 638 424 683 nostrae
441 630 562 684 editionis
581 629 698 695 Onerum
717 643 788 684 omn.
808 631 843 683 9.·
856 631 1064 682 bonaventurae.

101 721 147 773 Ed.
171 721 299 774 Vaticano
326 721 472 774 eorundem
501 719 616 786 operum
642 721 716 788 (tom.
741 721 790 773 vii.
810 733 824 772 9
845 734 872 785 ρ.
890 717 953 786 595)
979 721 1065 785 ipsam

102 807 200 862 sedulii
219 807 359 861 editionem
379 807 437 860 iibri
456 807 598 878 Profectus
615 822 677 862 cum
693 807 813 862 eiusdem
831 809 899 862 uotis
917 806 1067 872 marginali·

102 895 151 950 bus
170 897 261 950 denuo
279 898 419 962 impressit
432 898 507 949 -ln
526 896 723 950 collectionibus
736 898 816 950 vuriis
833 897 1023 963 opusculorum
1037 895 1064 946 S.

103 985 302 1037 Bouauenturse
322 985 478 1051 plerumque
497 986 635 1050 invenitur,
664 987 779 1050 exeeptis
797 983 994 1039 collectionibus
1019 986 1065 1036 nr·

103 1075 231 1138 geutorati
250 1075 310 1126 anni
331 1071 401 1126 1195
424 1081 450 1126 91
469 1074 584 1127 Venetiis
609 1076 669 1128 anni
699 1073 767 1128 1591
793 1075 875 1140 199119,
899 1087 968 1142 ques
986 1081 1064 1126 Ι99919

104 1162 221 1216 libellum
240 1165 371 1216 omittunt.
391 1164 449 1216 9991
466 1162 607 1216 editionem
632 1164 783 1217 Vaticanum
808 1163 924 1230 Operum
943 1165 1063 1216 omnium

104 1253 302 1306 Boooveuturae
321 1255 347 1304 in
366 1249 490 1305 omnibus
509 1254 592 1318 losum
612 1251 784 1320 sequentibus
796 1259 822 1306 et
839 1255 916 1306 etiam
930 1255 956 1305 iu
974 1253 1064 1306 ultima

104 1343 240 1396 Ferisieusi
258 1339 379 1394 babetur.

173 1430 328 1501 Separottm
341 1438 366 1485 et
379 1431 476 1486 Frotrt‘
494 1431 580 1486 Dauid
597 1433 713 1498 inscripti
727 1431 825 1484 bilibri
844 1424 998 1498 prodierunt
1017 1435 1066 1484 Au·

21 1509 24 1528 '
108 1529 198 1586 gustate
221 1521 414 1574 vindelicorum
434 1533 503 1573 enno
523 1521 591 1574 1596
613 1534 674 1572 cum
694 1521 781 1573 titulo:
803 1521 896 1573 «Beati
923 1519 963 1572 Fr.
982 1519 1066 1571 lievld

106 1609 138 1662 de
156 1613 273 1674 Augusta
292 1608 398 1662 Ordinis
417 1609 544 1662 lilinorum
566 1612 607 1674 pia
626 1616 652 1662 et
671 1607 766 1662 devote
784 1608 921 1674 opuscula.
940 1608 1066 1674 oleraque

105 1706 163 1762 post
181 1707 312 1752 trecentos
330 1699 444 1763 emplius
460 1712 551 1763 annos,
563 1712 662 1765 ecquo
675 1699 770 1764 scriptu
784 1703 853 1763 sunt,
866 1709 936 1749 nunc
949 1697 1066 1762 primum

107 1787 173 1840 edita
187 1807 214 1839 ι.
232 1787 386 1840 Dedicatum
406 1793 446 1840 est
457 1801 539 1852 onus:
564 1786 651 1840 «Viro
662 1786 818 1840 Reverendo
833 1787 937 1840 iobeont
954 1786 1066 1838 Antonio

110 1875 244 1928 velsero...
262 1877 287 1927 S.
302 1877 319 1927 1.
332 1876 525 1942 presbytero».
545 1873 581 1927 lbi
601 1878 733 1941 asseritur,
747 1875 874 1929 editorem
888 1881 946 1927 ante
961 1887 1065 1927 menses

107 1965 205 2032 aliquot
223 1962 318 2018 librum
338 1964 371 2017 de
390 1964 535 2019 eulert'ort's
553 1966 667 2018 bominis
685 1967 843 2019 institutione
870 1967 923 2017 iarn
942 1965 1066 2030 vulgasse

107 2055 223 2122 aliosque
241 2054 309 2107 duos
333 2053 415 2108 libros
438 2056 522 2119 ipsius
549 2057 663 2107 auctoris
687 2069 718 2106 rx
744 2053 863 2107 Ettaiensl
891 2063 917 2107 91
936 2051 1066 2106 biessensi

108 2143 321 2196 itionestcriorum
340 2141 505 2197 bibliothecis
523 2145 624 2196 eruisse
642 2151 668 2196 et
686 2155 756 2196 nunc
774 2146 889 2209 primum
904 2141 1001 2197 librum
1020 2145 1063 2194 ite-

108 2245 168 2284 rum
186 2245 244 2285 curn
265 2230 371 2285 duobus
389 2233 446 2285 aliis
462 2234 531 2298 tyois
545 2234 697 2297 imprimere
716 2232 792 2283 velle.
806 2233 978 2286 praemittitur
991 2233 1068 2297 oneri

109 2327 217 2388 utraque
235 2322 345 2388 epistola
364 2322 460 2374 Fratris
472 2321 564 2387 David,
578 2323 674 2386 scripte
695 2321 776 2374 Fratri
795 2320 933 2374 Bertboldo
953 2327 979 2374 91
994 2322 1067 2374 novi·

109 2412 150 2463 tiis
169 2408 324 2463 Ratisbonae
342 2407 514 2475 morantibus,
532 2412 599 2462 sicut
618 2407 773 2462 exhibentur
791 2409 817 2462 in
837 2417 923 2462 nostra
943 2409 1067 2462 editione.

178 2499 244 2552 ilaec
262 2499 343 2552 editio
356 2501 434 2566 primi
449 2497 507 2551 iibri
522 2497 670 2554 secundum
683 2505 783 2563 nartem
797 2499 899 2564 omittit,
912 2497 958 2550 sed
972 2511 1021 2564 pro
1034 2509 1067 2550 eo

110 2589 136 2639 in
155 2591 236 2654 prima
255 2597 331 2655 perte
349 2589 430 2642 multa
449 2588 532 2656 addit,
552 2589 630 2642 etiarn
650 2590 749 2653 integre
771 2587 1004 2652 carnotenorum
1024 2586 1067 2639 ad·

110 2675 310 2732 ditameutorum
324 2679 452 2732 nonnulla
472 2683 558 2732 sumtu
577 2682 638 2730 sunt
656 2690 688 2729 ex
706 2675 821 2729 secunda
841 2681 922 2742 purte,
941 2675 988 2728 sed
1014 2676 1068 2741 piu·

112 2767 174 2819 rima
191 2767 304 2833 aliunde,
324 2768 478 2834 praesertim
496 2781 527 2820 et
546 2766 676 2831 opusculo
695 2763 838 2819 Sermones
856 2763 892 2819 ed
910 2765 1022 2819 Fratres
1039 2763 1068 2819 itt

112 2867 204 2922 999919,
225 2858 271 2924 qui
290 2855 413 2920 impressi
432 2863 493 2908 sunt
510 2857 577 2908 inter
596 2867 677 2919 opera
697 2853 722 2905 S.
742 2853 894 2920 Augustini;
915 2854 964 2906 9119
984 2866 1068 2918 nauca

114 2947 200 2998 sumsit
217 2959 248 2998 or
266 2945 367 3010 Regula
387 2945 415 2997 S.
432 2943 572 3010 Benedicti,
593 2957 624 2996 ex
643 2941 769 3009 operibus
782 2945 821 2995 Ss.
836 2943 995 3009 Hieronymi,
1008 2942 1069 2995 Gre-

114 3034 175 3095 gorii
192 3041 241 3087 etc.
259 3035 331 3086 Haec
349 3033 525 3088 accrementa
549 3039 620 3086 certe
647 3040 708 3086 sunt
733 3031 767 3085 ab
786 3031 837 3085 alio
864 3040 979 3096 auctore,
1007 3043 1068 3084 cum

115 3119 193 3174 desint
210 3125 236 3174 in
256 3122 381 3176 omnibus
399 3122 456 3176 aliis
473 3121 633 3176 editionibus
651 3127 677 3175 et
704 3119 850 3187 codicibus,
871 3132 939 3188 quos
963 3121 1069 3173 contuli·

115 3221 177 3264 mus.
194 3212 292 3265 Festus
310 3211 419 3265 secundi
438 3215 463 3265 et
482 3215 548 3265 tertii
567 3211 626 3265 libri
652 3214 678 3263 in
698 3209 841 3264 substantia
860 3212 983 3264 convenit
1007 3223 1069 3262 cum

117 3305 194 3352 nostra
212 3299 341 3365 editione,
360 3313 421 3353 raro
439 3315 523 3366 pauca
542 3300 615 3354 addit
633 3301 676 3353 vel
695 3301 797 3365 omittit,
816 3308 841 3352 et
865 3300 886 3351 91
909 3299 1069 3363 praescindi·

117 3399 170 3441 mus
187 3404 201 3442 a
220 3391 308 3445 multis
326 3392 405 3458 vitiis,
424 3403 485 3444 cum
504 3389 641 3444 codicibus
658 3391 789 3442 convenit.

182 3471 257 3533 Teste
275 3480 399 3534 Sbarulea
420 3480 478 3548 (loc.
493 3479 545 3547 cit.)
566 3482 631 3533 baec
643 3479 723 3533 editio
737 3481 831 3533 iterum
845 3478 942 3545 prodiit
955 3479 1070 3531 dotwer·

118 3567 171 3629 olas
187 3583 254 3624 anuo
274 3570 344 3623 1600
364 3571 432 3636 tyois
451 3571 625 3636 919911919919,
644 3577 699 3622 tum
719 3567 842 3624 Coloniae
860 3581 929 3622 anno
953 3569 1021 3620 1618
1043 3573 1070 3622 91
