2742 4320
296 262 359 330 376
648 281 738 329 ninnn
761 279 900 328 rnnrms

293 387 437 455 custodia
462 386 544 454 ritae
567 403 646 454 snae
669 395 701 454 et
723 385 943 465 conscientiae,
966 385 1046 454 dnm
1069 391 1102 452 et
1123 393 1197 454 ante
1227 392 1260 452 et

292 501 364 580 post
381 493 597 590 Eucharistiae
613 492 849 581 perceptionem
865 492 907 559 ob
923 493 1136 561 reverentiam
1153 492 1259 579 ipsius

292 600 422 668 student
446 601 547 686 magis
570 600 755 668 innocenter
780 600 888 668 vivere
903 607 936 667 et
951 599 1059 668 studio
1079 599 1258 667 devotionis

291 707 491 794 frequentius
513 707 698 786 intendere;
722 714 754 775 et
778 707 851 775 iicet
872 706 1046 792 aliquando
1070 706 1185 792 tepide,
1214 713 1259 774 te·

292 831 364 882 men
388 813 552 883 confidens
576 814 616 881 de
640 813 861 883 misericordia
884 813 937 881 Dei
955 811 1148 881 fiducialiter
1169 831 1258 881 acce

292 921 357 1003 dat,
381 921 466 1008 quia,
491 921 518 988 si
535 938 569 988 se
585 921 751 1006 indignum
769 927 907 1007 reputat,
924 920 1050 1006 cogitet,
1065 920 1151 1007 qnod
1168 927 1258 988 tanto

290 1029 393 1114 magis
404 1044 500 1112 aeger
511 1045 640 1096 necesse
657 1027 753 1095 habet
764 1026 930 1114 requirere
947 1027 1119 1108 medicum,
1134 1035 1257 1114 quanto

292 1135 451 1221 mugisse
475 1134 570 1202 sentit
592 1143 771 1221 aegrotum.
795 1133 871 1201 Nou
893 1141 942 1202 est
963 1133 1052 1200 euim
1084 1152 1167 1220 opus
1194 1153 1256 1200 vn-

291 1242 431 1310 lentibus
453 1242 614 1322 madc'cus,
637 1243 696 1309 sed
717 1241 805 1310 mule
828 1240 1024 1310 trahentibus
1043 1243 1074 1321 ¹,·
1097 1259 1154 1309 nec
1181 1242 1255 1309 ideo

290 1351 420 1438 quaeris
442 1357 473 1419 te
496 1351 630 1436 iungere
665 1349 800 1429 Christo,
832 1356 869 1416 ut
892 1357 927 1417 tn
959 1367 1033 1417 enm
1066 1347 1255 1427 sanctifices,

290 1458 346 1526 sed
371 1465 407 1525 nt
430 1465 465 1524 tn
489 1456 696 1526 sanctificeris
718 1457 760 1524 ab
784 1457 847 1524 ilio.
871 1457 934 1526 Nec
965 1464 1134 1542 propterea
1163 1473 1257 1543 prae

290 1563 495 1632 termittenda
517 1571 566 1631 est
588 1580 680 1630 sacra
702 1562 896 1643 communio,
919 1561 945 1630 si
969 1563 1162 1649 quandoque
1190 1581 1255 1630 non

290 1669 385 1737 sentit
408 1669 506 1735 homo
528 1667 698 1755 specialem
723 1669 901 1737 devotionis
935 1669 1082 1754 gratiam,
1114 1687 1186 1736 cum
1220 1687 1255 1737 se

289 1775 331 1843 ad
353 1774 441 1842 iilam
467 1791 662 1862 praeparare
685 1773 805 1854 studet,
834 1774 886 1842 rel
916 1793 989 1843 cum
1024 1776 1053 1841 in
1085 1774 1154 1861 ipsa
1185 1791 1256 1860 per·

289 1881 432 1967 ceptione
461 1882 510 1948 vel
534 1889 606 1968 post
640 1899 674 1950 se
707 1882 790 1948 iorte
826 1880 931 1948 minus
965 1880 1115 1948 devotum
1147 1882 1255 1960 sentit,
1340 1887 1341 1892 ’

288 2007 386 2075 quam
409 1989 515 2069 veliet,
532 1990 607 2075 quia
631 2007 673 2056 ex
697 1988 805 2076 eliqua
821 1987 945 2075 supra’
969 1989 1128 2057 dictarum
1146 2007 1255 2058 cansa-

288 2111 362 2162 rum
387 2095 509 2162 ratione
532 2094 613 2162 sciet
632 2094 717 2162 iilud
742 2095 880 2162 evenire.

379 2201 408 2270 3.
433 2202 522 2270 Circa
544 2202 733 2269 secerdotes
766 2211 875 2270 antem
907 2209 1010 2290 potest
1042 2201 1119 2270 haec
1149 2202 1256 2270 forma

289 2310 401 2390 teneri,
425 2317 460 2377 ut
484 2325 542 2376 nec
566 2308 662 2377 nimis
685 2327 760 2376 raro
783 2327 841 2377 nec
864 2327 992 2396 semper
1027 2309 1175 2378 continue
1207 2327 1257 2378 ee·

288 2415 414 2484 lebrare
438 2416 489 2484 vel
506 2415 778 2501 impraetermisse
794 2434 919 2484 sacram
943 2416 1079 2484 hostiam
1104 2416 1256 2484 studeant

288 2522 464 2590 immolare.
488 2521 588 2589 Nimis
618 2523 703 2590 enim
735 2523 889 2592 contiuua
916 2523 1079 2592 celebrare
1111 2522 1254 2608 adquam

287 2637 399 2697 notare
423 2629 550 2697 videtui
574 2629 828 2710 irreverentiam,
853 2648 926 2698 cum
952 2629 1006 2696 rix
1039 2629 1156 2717 aiiquis
1187 2635 1253 2696 tam
1338 2619 1339 2636 ¹

288 2735 424 2802 devotus
447 2734 498 2815 sit,
529 2736 584 2822 qni
617 2753 745 2822 semper
778 2734 889 2804 eadem
922 2735 1090 2804 devotione
1120 2735 1253 2814 ferveat.

276 2842 374 2929 qued
398 2859 526 2928 semper
549 2861 623 2910 cum
647 2842 754 2910 debita
778 2843 958 2911 reverentia
981 2842 1062 2912 iliud
1097 2843 1191 2911 iaciat
1223 2853 1253 2910 et

288 2949 395 3016 cordis
417 2949 543 3030 ardere,
559 2950 635 3036 quin
653 2949 826 3036 aliqnando
848 2956 953 3036 tepeat
968 2949 1254 3037 quantulumcum-

287 3074 361 3142 que.
385 3055 484 3123 Nimis
507 3057 603 3123 etiam
630 3075 715 3124 raro
739 3056 912 3138 celebrare,
928 3057 1077 3143 quamvis
1099 3074 1140 3124 ex
1165 3074 1255 3125 rere·

287 3163 390 3230 nentia
406 3162 505 3230 soleat
519 3161 692 3249 aliqnando
708 3161 778 3230 iieri
791 3169 822 3230 et
834 3162 1024 3244 hnmilitate,
1038 3172 1142 3231 tamen
1154 3180 1253 3250 quan·

287 3270 393 3357 doque
417 3277 579 3358 torporem
611 3271 722 3351 nutrit,
754 3271 830 3358 qnia
861 3271 968 3338 minus
999 3271 1252 3358 circumspectus

287 3383 336 3444 est
360 3377 455 3444 homo
477 3377 509 3444 in
533 3377 693 3458 omnibns
716 3377 807 3464 quasi
839 3395 901 3446 non
934 3377 1076 3463 indigere
1104 3377 1253 3446 rideatur

288 3484 337 3551 sui
362 3483 516 3564 custodia,
539 3501 613 3552 cnm
638 3503 699 3553 non
716 3483 865 3572 proponit
880 3484 1033 3554 accedere
1048 3484 1087 3552 ad
1106 3501 1250 3554 mensam

359 3603 368 3634 ¹
388 3607 476 3660 dietih.
495 3608 521 3671 9,
540 3607 583 3661 ii.
799 3604 810 3637 ²
829 3605 891 3676 Cep.
912 3607 957 3663 69.
975 3623 1002 3663 n.
1019 3609 1045 3664 3.
1064 3621 1139 3678 seqq.

1327 3989 1335 4294 i
