819 1202
217 131 237 142 nn
248 131 269 142 vn
281 130 387 143 Pnocnsstaus.
401 131 488 143 nnocnssus
500 131 519 143 Vt.
577 127 609 143 ⁹217

129 157 234 174 humilientur
246 159 261 174 et
273 157 342 179 amplius
353 157 454 174 inardescant
467 157 482 174 in
494 162 564 174 atnoreni
576 157 610 177 Dei,

129 184 157 205 qui
168 189 195 201 eos
206 184 223 201 in
235 184 294 201 talibus
306 184 348 201 vitiis
361 184 434 201 toleravit
445 186 460 201 et
469 189 478 201 a
486 184 545 200 talibus
553 184 610 200 libera—

128 211 156 228 vit.
168 211 228 228 Sanctis
240 211 287 227 etiarn
300 211 315 227 111
327 211 378 232 gloria
389 211 454 232 augebit
463 211 537 227 laetitiam
546 211 610 227 damna-

129 238 152 254 tio
163 238 273 259 reproborum,
285 238 328 259 quod
340 238 416 259 gandent,
428 242 445 254 se
459 238 479 254 ah
495 238 520 254 his
536 238 610 257 salvatos,

129 269 171 286 qnae
183 267 255 286 poterant
267 265 308 281 sieut
320 266 335 281 et
347 264 375 284 illi,
387 264 417 281 nisi
430 265 472 281 Deus
483 269 510 281 eos
522 264 610 284 liberasset,

128 291 208 308 incidisse.

174 318 189 334 3.
201 318 258 334 Multae
270 320 308 334 sunt
319 318 359 334 aliae
372 318 450 334 virtutum
466 317 557 334 artificiales
572 317 610 334 divi-

130 345 200 365 siones¹,
213 345 300 362 secundum
313 345 356 366 qnod
368 345 408 361 aliae
422 345 497 361 dicuntur
506 344 610 366 theoloqicae,

128 374 148 389 ut
159 372 204 391 tides,
216 376 257 393 spes,
270 372 336 391 caritas3
348 372 388 388 aliae
400 371 502 391 cardinales,
514 373 532 388 ut
541 371 610 393 pruden-

128 399 156 418 tia,
169 399 232 418 institia,
244 399 325 418 fortitudo,
337 399 452 420 temperantia;
464 399 507 418 item,
519 398 559 415 aliae
570 398 610 419 poli-

129 425 178 445 ticae,
190 425 230 442 aliae
240 426 358 447 puryawriae,
370 425 411 442 aliae
423 425 478 442 animi
483 425 560 446 puryati,
569 425 610 441 aliae

128 452 237 474 exemplares,
249 457 295 474 quas,
306 452 347 469 sient
356 452 401 469 rudis
409 452 478 469 rudibus
487 452 558 473 loquens,
566 456 611 473 prae-

128 481 182 498 tereo;
194 479 245 495 solum
259 479 304 495 illum
322 479 393 495 ordinem
412 483 476 500 sequar,
494 483 526 500 quo
544 478 611 494 virtutes

128 505 244 527 principalibus
256 508 316 527 septem
329 506 371 522 vitiis
383 508 491 527 opponuntur,
506 510 543 522 cnm
559 505 610 521 virtus

128 532 218 549 secundum
230 532 273 549 hunc
285 537 349 549 sensum
362 537 393 549 non
405 532 449 549 aliud
466 532 486 549 sit
501 536 549 553 quarn
565 532 610 548 vitio-

128 564 165 576 rum
178 559 253 578 carentia,
265 561 280 576 et
292 562 351 580 quanto
363 559 432 581 quisque
443 559 464 575 ab
475 559 518 575 omni
531 558 569 575 vitio
581 562 609 580 pu-

128 585 162 602 rior
174 586 227 605 fuerit,
239 588 282 602 tanto
295 586 379 602 virtuosior
391 588 416 602 est
427 588 443 602 et
455 585 543 607 perfectior.

174 612 189 629 Δ.
201 612 244 629 Sicut
256 612 323 629 nucleus
335 613 350 629 in
362 614 402 629 testa
412 612 436 629 vel
445 612 508 631 cortice,
516 612 538 629 sic
547 614 570 628 est
579 612 610 628 vir-

128 641 156 655 tus
167 639 238 655 interior
249 639 306 656 ceteris
317 639 423 656 observantiis
436 639 450 655 in
462 639 545 660 Religione.
554 639 610 655 Omnia

128 665 178 685 enim,
189 670 230 687 quae
243 665 257 682 in
269 665 370 682 observantia
387 665 472 686 Religionis
489 667 570 686 apparent,
587 665 610 681 in-

128 694 176 709 venta
188 694 204 709 et
215 694 274 709 statuta
286 694 324 709 sunt
335 694 401 714 propter
413 692 507 708 obtinendas
518 694 534 708 et
549 696 613 708 emmer*>

128 719 190 735 vandas
202 719 274 736 virtutes,
286 719 341 736 Cetera
353 719 386 736 sine
399 719 459 735 virtute
471 720 508 735 sunt
519 718 560 735 sicut
571 720 611 735 testa

129 750 186 762 carens
194 746 255 762 nucleo.
264 746 281 762 Et
289 746 330 762 sicut
342 746 357 762 in
369 746 472 762 tabernaculo
484 745 552 762 foederis
564 745 611 766 plura

129 774 175 789 erant
187 773 284 789 velaminum
296 777 354 794 genera
367 773 407 789 inter
420 777 437 789 se
445 772 543 794 protegentia
552 772 577 789 vel
585 772 611 788 de-

129 799 200 816 corantia
218 799 333 819 Sancluarium,
351 799 411 816 seilicet
429 799 477 820 pelles
495 799 611 820 hyacinthinae,

129 826 180 847 pelles
192 826 260 843 arietum
272 826 367 846 rubricatae,
379 831 418 847 saga
429 826 496 845 cilicina,
512 825 581 842 cortinae
595 827 611 841 et

129 852 194 869 tabulae
206 853 289 874 parietum,
302 855 365 874 praeter
377 852 408 869 alia
416 852 430 872 ¹;
443 852 464 869 ita
475 854 491 869 et
503 852 519 868 in
531 852 611 872 Religione

129 879 178 901 plura
189 882 226 896 sunt
238 880 301 896 virtutis
313 881 404 901 tegumenta
417 879 441 896 vel
457 879 477 896 ad
494 879 568 896 decorem
585 878 611 895 vel

129 906 150 923 acl
163 906 250 923 custodiam
264 906 326 923 virtutis
338 906 417 926 ordinata,
429 906 444 922 in
453 906 512 927 quibus
524 910 554 922 nun
564 910 611 927 pura

166 941 171 949 ¹
181 942 207 956 οη.
216 942 270 958 11111111Ἷ
280 942 357 955 eonaunnes
367 942 380 955 in
389 942 451 955 amem.
461 942 503 955 cuum.
513 942 525 955 ε.
535 945 566 958 pm
575 942 589 955 11.

165 964 171 973 ι
180 964 206 977 crs.
215 964 255 977 itm-1.
264 964 285 981 26,
296 965 307 977 1.
317 968 355 981 seqq.
