819 1202
196 179 312 207 LIBER
330 179 537 208 SECUNDUS.

139 238 225 258 Formula
239 237 260 258 de
274 238 361 258 interioris
375 237 450 258 hominis
467 237 590 258 reformatione

290 269 313 288 ad
328 268 443 295 proficientes.

329 321 405 328 -ο-

325 371 410 388 Pnomsus.

167 415 265 433 Collationes
277 420 326 435 meas,
338 420 379 437 quas
390 420 420 437 pro
428 415 539 432 exhortatione
550 415 571 432 arl
583 420 610 432 no-

121 442 171 460 vitios
183 444 248 459 nostros
260 442 285 459 vel
297 442 317 459 ad
334 442 374 459 alios
390 442 475 464 Religiosos
487 442 574 464 aliquando
589 442 610 459 sa-

124 474 161 487 cere
173 469 251 489 solebam,
263 469 312 486 simul
324 474 353 491 pro
365 469 419 491 aliqua
433 471 478 491 parte
494 469 550 490 collegi
566 471 582 486 et
593 469 610 485 in

124 500 175 513 unam
189 495 280 512 continuam
293 496 376 512 materiam
389 496 435 517 quasi
443 495 524 517 proiectus
536 495 610 517 spiritua·

126 523 146 539 lis
158 522 245 539 formulam
257 522 329 539 ordinavi
342 522 394 539 trihus
402 522 423 539 de
431 522 491 539 causis:
504 526 541 542 una,
550 524 568 539 ut
579 522 610 539 eis-

126 549 164 566 dem
176 548 241 565 novitiis
252 548 316 568 nostris,
327 548 387 570 quibus
398 549 468 570 priorem
477 548 563 565 formulam
572 549 609 566 sori-

124 579 190 597 pseram
202 575 222 592 de
234 575 319 592 exterioris
327 575 397 592 hominis
405 575 519 596 compositione
527 576 559 591 tam
568 575 610 592 intra

125 602 193 618 domum
206 606 254 623 quam
266 604 318 622 extra,
330 602 378 618 etiam
390 601 411 618 de
419 601 499 618 interioris
508 602 576 618 hominis
585 606 610 619 re-

124 628 220 645 formatione
231 628 318 649 aliqualem
330 628 402 645 notitiam
414 628 515 645 ostenderem
525 628 546 645 ad
558 628 610 650 prore-

125 656 180 674 ctum3
191 659 233 676 quae
241 654 333 671 reformatio
341 655 413 671 consistit
421 655 436 671 in
445 655 521 672 vitiorum
529 659 611 676 expugua-

125 681 168 698 tione
177 683 193 698 et
201 681 279 698 virtutum
291 681 412 701 assuefactione,
420 683 462 698 utet
470 686 523 698 mores
531 683 547 698 et
554 686 610 698 omnes

126 708 194 725 affectus
205 710 221 725 et
233 712 290 725 sensus
301 708 390 728 interiores,
401 710 449 730 prout
457 710 481 725 est
489 708 569 730 possibile,
577 708 610 725 Deo

125 734 252 752 eonformentur.
259 744 281 746 —
289 734 341 751 Altera
353 739 401 751 causa
413 737 442 755 est,
454 737 473 752 ut
484 739 508 755 ea,
516 739 557 756 quae
569 735 610 752 Reli-

125 761 176 783 giosis
187 761 280 783 praedicare
292 761 369 781 solebam,
377 761 426 778 simul
437 761 504 779 collecta
515 762 610 783 promptius,

125 788 138 805 si
157 788 222 810 quando
239 788 342 809 indignerim,
355 788 386 805 sul]
404 788 499 810 compendio
516 788 610 805 invenirem.

126 814 193 836 Propter
201 814 244 836 quod
256 815 304 831 etiam
312 819 341 836 per
349 815 405 836 plures
413 815 500 836 particulas
508 815 555 832 istam
563 815 610 832 divisi

126 841 218 861 foi-mulam,
227 843 243 858 et
251 845 280 863 per
288 841 358 863 capitula
366 841 437 863 singulas
443 841 531 864 particulas
539 841 610 862 distinxi,

125 869 144 885 ut
160 867 223 884 facilius
239 868 327 885 invenirem
343 872 384 889 quae
398 873 498 890 quaererem.
514 877 535 880 —
552 868 609 888 Tertia,

125 895 144 910 ut
156 893 226 914 interim,
234 894 274 911 dum
286 894 316 911 ista
328 894 415 911 scriberem
429 894 454 911 vel
462 894 538 916 legerem,
546 896 610 916 tempus

126 924 158 937 non
170 920 249 937 inutiliter
260 921 375 943 expenderem,
389 921 483 938 memoriam
500 921 611 943 spiritualibus

126 947 249 969 cogitationibus
260 952 362 969 occuparem,
373 947 471 965 intellectum
485 948 506 965 ad
522 948 610 965 videndum
