2742 4320
316 233 381 300 3t0
672 251 761 299 umen
785 251 923 299 rnnrms.

315 357 463 436 videbat;
488 355 575 424 velut
605 355 661 442 qui
692 355 878 424 cubiculum
911 356 1030 423 deforis
1054 357 1182 424 veniens
1210 357 1275 424 sub

316 465 423 544 intret,
446 463 551 550 primo
574 464 666 550 quasi
690 463 769 529 nibil
795 463 906 530 ridens
930 464 1078 550 impingit
1095 465 1124 530 in
1142 466 1275 551 parietes

316 579 349 640 ot
371 570 521 650 scabella,
546 569 662 637 deiude
685 569 838 656 paulatim
864 569 974 654 incipit
989 588 1180 654 cognoscere
1197 588 1276 655 gros

316 677 411 757 siora,
434 677 563 744 tandem
587 675 673 744 clere
697 675 783 743 ridet
817 675 913 743 etiam
950 677 1092 755 minima,
1117 677 1159 742 ita
1194 675 1274 761 quod

315 784 410 851 etiam
425 785 572 862 miratur,
585 782 847 869 supervenientes
860 799 922 848 non
935 783 1029 868 plane
1043 783 1151 850 ridere
1164 783 1275 859 onmia,

315 889 473 976 quaesibi
490 889 554 955 iem
575 889 740 956 manifesta
756 897 922 975 apparent.
941 889 976 956 dt
993 889 1052 955 beo
1070 889 1275 954 illustratione

317 997 470 1064 dilatatur
488 1013 577 1064 mens
593 997 634 1064 ad
661 995 761 1063 multa
781 995 959 1081 cogitanda,
975 1005 1007 1062 et
1023 997 1085 1062 alia
1104 997 1224 1082 colligit
1239 1013 1275 1062 ex

317 1103 448 1184 ratione,
463 1103 526 1170 alia
548 1121 589 1170 ex
615 1103 772 1190 spirituali
797 1102 945 1189 intelligit
960 1098 1204 1184 illuminatione,
1220 1103 1277 1168 alia

316 1209 410 1278 discit
433 1226 474 1276 ex
499 1211 607 1276 divina
631 1208 823 1277 revelatione
847 1218 879 1276 et
902 1209 1024 1276 conlert
1048 1210 1103 1276 illa
1125 1228 1200 1277 cum
1222 1210 1275 1286 bis,

318 1333 401 1404 quae
424 1317 637 1402 apprehendit
659 1335 701 1384 ex
724 1319 868 1384 bumana
891 1316 1073 1384 eruditione
1100 1325 1132 1383 et
1157 1315 1276 1382 imbibit

316 1424 347 1490 in
373 1441 460 1492 saera
488 1424 631 1502 lectione,
655 1430 687 1491 et
709 1424 893 1491 consolatur
916 1442 978 1490 nnn
1005 1424 1178 1502 modicum,
1193 1423 1273 1509 quod

316 1531 404 1598 videt
437 1539 469 1598 et
491 1530 571 1597 alios
594 1531 739 1598 eruditos
773 1538 805 1598 et
839 1532 970 1597 Sanctos
993 1531 1107 1598 eadem
1131 1530 1273 1604 sensisse,

316 1654 399 1724 quae
422 1638 490 1724 ipse
524 1638 645 1724 Spiritu
681 1646 789 1706 sancto
825 1637 1004 1705 illustratus
1041 1638 1209 1707 intellexit.
1233 1637 1273 1703 Ex

317 1762 541 1833 quosecurus
564 1745 722 1825 redditur,
745 1746 832 1832 quod
857 1763 918 1810 non
951 1746 992 1812 ab
1023 1745 1128 1812 alieno
1152 1745 1272 1834 spiritu,

316 1852 367 1920 rel
390 1870 409 1918 a
433 1853 554 1938 proprii
587 1869 701 1919 sensus
724 1851 872 1938 opinione
895 1852 1081 1932 seducatur,
1105 1869 1180 1920 oum
1207 1867 1274 1918 euo-

316 1960 391 2026 dem
414 1959 562 2044 spiritum
587 1960 691 2039 sentit,
716 1977 812 2044 quem
837 1966 868 2026 ot
891 1959 923 2026 in
960 1959 1126 2045 prioribus
1148 1957 1273 2034 Sanctis,

315 2066 348 2142 in
373 2084 407 2132 se
430 2082 500 2132 esse
525 2065 678 2133 locutum.
701 2103 746 2114 -
768 2065 867 2133 Caute
890 2074 995 2133 umen
1013 2074 1044 2132 et
1062 2066 1229 2134 bumiliter
1246 2065 1272 2130 in

317 2174 434 2242 talibus
457 2179 505 2240 est
521 2173 692 2260 agendum,
709 2190 749 2239 ne
764 2172 845 2240 lorte
861 2189 904 2239 ex
921 2174 1172 2258 praesumtionis
1188 2173 1273 2258 culpa

315 2280 411 2347 bomo
435 2279 538 2364 decipi
563 2287 725 2346 mereatur
748 2286 780 2345 et
815 2297 874 2366 pro
905 2279 1020 2366 spiritu
1053 2280 1200 2348 veritatis
1232 2294 1270 2345 se·

315 2393 435 2472 quatur
468 2385 629 2471 spiratum
663 2385 794 2452 erroris
807 2385 830 2464 ¹,
854 2385 998 2466 credens,
1021 2385 1177 2470 Spiritum
1207 2401 1271 2453 san

314 2501 400 2561 ctum
426 2492 512 2578 loqui
537 2492 623 2578 quod
647 2501 696 2558 est
719 2493 841 2578 proprii
873 2493 980 2560 cordis
1003 2493 1123 2578 opinio,
1148 2491 1199 2560 rel
1224 2491 1271 2558 im

316 2598 424 2666 missio
448 2616 506 2683 per
528 2597 677 2684 angelum
704 2597 836 2677 malum,
859 2598 915 2684 qui
939 2615 1034 2682 saepe
1051 2597 1271 2686 trornfigurot

315 2724 350 2772 se
373 2705 409 2771 in
433 2705 598 2792 Angelum
622 2704 718 2782 inore,
743 2707 941 2790 persuadens
962 2705 1041 2772 lalsa
1057 2705 1121 2772 sub
1137 2703 1272 2774 veritatis

316 2813 440 2892 colore;
464 2813 612 2881 Ioannes:
638 2811 745 2878 Nolite
768 2812 861 2879 omni
889 2812 1030 2898 spiritui
1055 2812 1202 2891 credere,
1224 2808 1272 2878 sed

313 2917 452 3007 probate
475 2919 629 3006 spiritns,
653 2918 686 2985 ei
700 2938 740 2985 erc
759 2919 823 2986 Deo
837 2919 916 2986 sint.
940 2919 1022 2986 Nibil
1047 2919 1270 3005 recipiendum.

315 3028 401 3112 quod
425 3026 467 3092 ab
501 3025 786 3093 ecclesiasticorum
816 3025 960 3093 doctrina
992 3024 1221 3110 magistrorum
1246 3029 1272 3090 et

315 3131 566 3220 approbatorum
591 3132 810 3217 theologorum
837 3130 1005 3198 traditione
1028 3131 1203 3213 discordet,
1223 3145 1271 3198 ner

316 3238 534 3307 revocandum
571 3238 601 3304 in
627 3237 872 3324 dubiumquod
903 3237 945 3304 ab
975 3237 1022 3305 eis
1052 3237 1271 3305 universaliter

315 3364 388 3413 curn
414 3345 602 3413 testimoniis
625 3353 808 3412 sauctorum
833 3344 961 3411 Patrem
985 3343 1082 3412 luerit
1110 3341 1271 3411 rationabi-

317 3453 388 3519 liter
412 3451 590 3530 delinitum,
614 3451 700 3537 quia,
731 3449 864 3517 veritate
896 3458 1032 3535 reperta,
1063 3451 1118 3536 qui
1151 3449 1270 3517 curioso

387 3577 396 3607 ¹
417 3581 434 3632 Ι.
454 3580 524 3631 loen.
543 3575 567 3643 i,
587 3579 617 3643 ⁶3
637 3579 756 3644 sequitur
774 3579 802 3630 ll.
821 3573 879 3629 Cor.
903 3575 943 3642 lt,
970 3574 1012 3628 tt.
1031 3583 1058 3630 et
1077 3577 1094 3630 Ι.
1114 3576 1184 3628 loen.
1206 3574 1230 3640 l,
1252 3575 1271 3624 t.
1344 3611 1345 3652 ξ
