2742 4320
294 179 358 248 350
646 195 735 244 nmen
759 195 900 244 neurius.

293 306 410 374 siderio
435 303 675 372 inflammatum·
702 303 733 369 in
766 320 800 370 se
823 303 977 370 dilatatur
1001 309 1031 368 et
1058 304 1256 383 extenditur,

292 422 323 481 et
346 413 436 500 quasi
461 413 545 479 intra
568 413 731 496 angustias
756 412 891 495 pectoris
915 429 950 478 se
970 429 1085 496 capere
1107 430 1170 476 nou
1195 411 1256 478 sul·

292 519 411 598 ficiens,
428 518 666 605 quodammodo
682 536 854 604 erumpere
869 525 1015 592 conatur,
1032 526 1068 583 ut
1082 515 1254 592 dammam,

292 643 388 712 quam
415 626 501 692 intus
526 626 656 710 petitur,
679 623 765 691 foras
788 633 912 691 eructet
934 633 967 692 et
986 624 1112 692 ardoris
1136 626 1184 690 sui
1210 642 1254 690 re

292 730 459 816 lrigerium
500 729 734 816 qualecumque
770 728 933 796 inveniens
968 734 1129 814 evaporet.
1163 728 1252 812 Quod

292 855 366 904 cum
391 855 453 902 non
479 843 581 922 potest
607 835 656 902 vel
679 854 721 902 en
745 835 888 902 buntano
911 835 1036 921 pudore
1059 853 1120 902 nou
1149 834 1251 912 ander,

293 942 485 1010 mirabiliter
510 945 540 1008 in
564 942 736 1027 semetipso
759 941 934 1021 cruciatur,
957 949 988 1008 et
1011 957 1128 1026 eorpus
1161 939 1250 1007 valde

293 1067 334 1116 ex
359 1049 478 1116 talibus
502 1049 642 1115 motibus
665 1048 861 1127 debilitatur,
893 1048 969 1133 quia
993 1049 1096 1115 virtus
1129 1046 1249 1114 divinae

293 1138 473 1224 dulcedinis
497 1155 707 1222 intolerabilis
730 1164 777 1222 est
806 1155 1012 1222 imbecillitati
1044 1155 1158 1222 terreni
1185 1171 1249 1221 cor·

291 1265 388 1349 poris,
412 1262 494 1330 sicut
518 1263 543 1330 si
569 1262 672 1347 ignom
699 1262 780 1328 vitro
803 1262 967 1328 immittas.
1000 1263 1087 1330 Unde
1111 1261 1247 1346 legimns,

291 1373 419 1438 Sanctos
443 1387 485 1436 ex
509 1370 626 1436 divinis
656 1369 890 1436 visitationibus
923 1369 973 1435 vel
1009 1368 1247 1437 revelationibus

292 1477 450 1544 corruisse
482 1483 512 1543 et
541 1476 664 1542 viribus
688 1475 900 1554 envercnisse;
923 1475 1064 1542 Danielis
1086 1476 1203 1542 decimo
1217 1475 1244 1538 ¹:

298 1582 374 1649 Vidi
395 1581 555 1648 visionem
573 1580 846 1669 panop-undem,
859 1591 967 1648 etnon
979 1583 1140 1650 remansit
1155 1581 1245 1648 inme

291 1687 467 1776 fortitudo,
483 1697 514 1756 et
536 1689 690 1756 emarcui
711 1708 770 1756 nec
793 1687 900 1756 duduc·
920 1689 1105 1778 quidquam
1126 1688 1243 1756 utrium

291 1802 322 1861 et
343 1793 493 1862 docebam
516 1801 748 1862 constannens
770 1813 873 1880 super
899 1793 1025 1882 fucum
1047 1814 1152 1872 mecm
1172 1799 1242 1870 ett.;

290 1900 439 1968 Ieremias
459 1902 491 1966 in
509 1901 660 1968 Tbreuis:
686 1901 733 1967 De
755 1901 880 1968 excelso
899 1902 994 1968 misit
1018 1901 1127 1989 iqnem
1148 1901 1178 1968 in
1199 1917 1242 1966 os·

291 2006 384 2074 sibus
407 2008 489 2076 meis
512 2016 542 2076 et
564 2008 711 2074 erudivit
733 2027 793 2075 me.
818 2009 891 2076 ldeo
914 2010 1052 2096 Spiritus
1075 2016 1194 2078 sanctus
1213 2009 1242 2075 in

291 2114 363 2200 igne
378 2132 476 2200 super
492 2115 654 2201 Apostolos
671 2116 758 2182 venit
770 2115 792 2195 ²,
809 2117 885 2204 qnia
903 2117 1006 2184 virtus
1022 2119 1139 2185 amoris
1153 2113 1241 2184 divini

288 2221 373 2288 siout
396 2222 478 2306 iguis
502 2221 661 2289 illuminat
683 2230 715 2289 et
738 2221 923 2290 inflammat.

380 2329 411 2396 l.
437 2327 637 2414 Spiritnulis
660 2329 882 2396 iucunditus⁸
904 2331 965 2400 dici
982 2338 1087 2418 potest
1101 2329 1238 2417 gaudium

291 2435 457 2522 quodlibet
480 2435 512 2502 in
536 2436 656 2521 Spiritu
680 2443 800 2518 sancto,
823 2438 909 2524 quod
937 2457 956 2504 a
991 2438 1111 2524 Spiritu
1144 2443 1239 2506 eoru

293 2540 482 2622 infunditur,
506 2561 571 2628 qno
594 2543 713 2627 gaudet
735 2544 862 2610 animus
887 2543 917 2610 in
942 2544 1008 2612 beo
1024 2545 1092 2614 sive
1107 2563 1162 2632 pro
1175 2559 1238 2629 per-

292 2649 391 2732 ceptis
415 2648 532 2715 divinis
556 2649 717 2718 beneficiis
740 2651 792 2718 vel
815 2650 989 2735 promissis
1008 2652 1045 2720 ut
1068 2652 1139 2720 licet
1151 2647 1236 2736 aliqui

291 2762 414 2839 putent,
438 2755 636 2840 spiritualem
653 2774 724 2825 esse
741 2756 903 2838 laetitiam,
918 2775 993 2826 eum
1009 2758 1175 2846 aliquando
1189 2757 1238 2822 lle·

291 2859 392 2947 ligiosi
419 2861 501 2930 inter
525 2879 559 2930 se
590 2862 721 2931 incundi
754 2871 848 2945 sunt3
882 2871 987 2932 umen
1024 2865 1132 2944 sciant,
1163 2859 1237 2950 qood

292 2967 467 3052 spiritualis
491 2968 620 3050 laetitia,
644 2968 725 3038 sicut
748 2977 836 3038 caret
858 2971 1074 3040 amaritudine
1107 2968 1236 3040 tristitiae

291 3075 409 3142 saeculi
434 3082 465 3142 et
489 3075 628 3143 accidiae
653 3084 792 3163 torpore,
816 3077 859 3145 ita
883 3084 915 3146 et
938 3078 1153 3146 dissolutionis
1174 3073 1236 3144 lovi·

293 3188 365 3248 tate.
391 3181 571 3267 Spiritnalis
602 3184 686 3250 enim
720 3182 841 3252 laetitia
874 3182 1237 3272 dupliciter'acoipitur:

362 3339 371 3371 ²
392 3341 468 3394 vers.
481 3342 506 3394 s.
520 3349 545 3394 et
564 3341 661 3395 roien.
683 3343 708 3410 r,
732 3343 773 3396 ra.
917 3341 928 3375 ¹
947 3345 1002 3400 ner.
1023 3347 1048 3412 a,
1068 3346 1094 3399 a.

361 3428 474 3484 ³Codd.
494 3429 547 3484 AG
565 3437 591 3485 et
609 3432 652 3486 ed.
672 3434 687 3486 2
707 3438 906 3500 transponentes
933 3435 976 3488 blo
1000 3443 1085 3503 aqum
1108 3436 1190 3502 prturo
1211 3429 1239 3486 de

292 3516 486 3588 liquefactione,
505 3525 534 3573 ot
552 3537 579 3574 n.
598 3521 624 3574 5.
