<?xml version="1.0" encoding="UTF-8"?>
<!DOCTYPE html PUBLIC "-//W3C//DTD XHTML 1.0 Transitional//EN"
    "http://www.w3.org/TR/xhtml1/DTD/xhtml1-transitional.dtd">
<html xmlns="http://www.w3.org/1999/xhtml" xml:lang="en" lang="en">
 <head>
  <title>
</title>
<meta http-equiv="Content-Type" content="text/html;charset=utf-8" />
  <meta name='ocr-system' content='tesseract 3.04.00' />
  <meta name='ocr-capabilities' content='ocr_page ocr_carea ocr_par ocr_line ocrx_word'/>
</head>
<body>
  <div class='ocr_page' id='page_1' title='image "./deexterioriseti00davigoog_0304.png"; bbox 0 0 819 1202; ppageno 0'>
   <div class='ocr_carea' id='block_1_1' title="bbox 72 61 302 76">
    <p class='ocr_par' dir='ltr' id='par_1_1' title="bbox 72 61 302 76">
     <span class='ocr_line' id='line_1_1' title="bbox 72 61 302 76; baseline 0 -2"><span class='ocrx_word' id='word_1_1' title='bbox 72 61 267 76; x_wconf 47' lang='lat' dir='ltr'>WT-fi&#39;</span> <span class='ocrx_word' id='word_1_2' title='bbox 272 61 275 62; x_wconf 54' lang='lat'><em>⁷</em></span> <span class='ocrx_word' id='word_1_3' title='bbox 293 61 302 65; x_wconf 82' lang='lat'>&#39;&#39;</span> 
     </span>
    </p>
   </div>
   <div class='ocr_carea' id='block_1_2' title="bbox 223 118 616 135">
    <p class='ocr_par' dir='ltr' id='par_1_2' title="bbox 223 118 616 135">
     <span class='ocr_line' id='line_1_2' title="bbox 223 118 616 135; baseline 0.003 -1"><span class='ocrx_word' id='word_1_4' title='bbox 223 122 243 134; x_wconf 73' lang='lat' dir='ltr'>ne</span> <span class='ocrx_word' id='word_1_5' title='bbox 255 122 276 134; x_wconf 88' lang='lat' dir='ltr'>vn</span> <span class='ocrx_word' id='word_1_6' title='bbox 288 122 394 135; x_wconf 69' lang='lat' dir='ltr'>rnocsssmns.</span> <span class='ocrx_word' id='word_1_7' title='bbox 407 122 493 135; x_wconf 72' lang='lat' dir='ltr'>rnocessus</span> <span class='ocrx_word' id='word_1_8' title='bbox 505 123 526 134; x_wconf 84' lang='lat' dir='ltr'>vi.</span> <span class='ocrx_word' id='word_1_9' title='bbox 584 118 616 135; x_wconf 69' lang='lat'>259</span> 
     </span>
    </p>
   </div>
   <div class='ocr_carea' id='block_1_3' title="bbox 127 149 617 971">
    <p class='ocr_par' dir='ltr' id='par_1_3' title="bbox 131 149 617 673">
     <span class='ocr_line' id='line_1_3' title="bbox 131 149 617 171; baseline 0.002 -6"><span class='ocrx_word' id='word_1_10' title='bbox 131 151 167 166; x_wconf 86' lang='lat' dir='ltr'>esto</span> <span class='ocrx_word' id='word_1_11' title='bbox 179 149 194 165; x_wconf 93' lang='lat' dir='ltr'>in</span> <span class='ocrx_word' id='word_1_12' title='bbox 207 153 246 171; x_wconf 85' lang='lat' dir='ltr'>pace</span> <span class='ocrx_word' id='word_1_13' title='bbox 256 149 299 170; x_wconf 91' lang='lat' dir='ltr'>apud</span> <span class='ocrx_word' id='word_1_14' title='bbox 312 151 333 166; x_wconf 41' lang='lat' dir='ltr'>tei</span> <span class='ocrx_word' id='word_1_15' title='bbox 345 149 386 170; x_wconf 77' lang='lat' dir='ltr'>ignis</span> <span class='ocrx_word' id='word_1_16' title='bbox 399 149 414 168; x_wconf 82' lang='lat' dir='ltr'>in</span> <span class='ocrx_word' id='word_1_17' title='bbox 423 149 458 166; x_wconf 87' lang='lat' dir='ltr'>sinn</span> <span class='ocrx_word' id='word_1_18' title='bbox 467 149 534 166; x_wconf 81' lang='lat' dir='ltr'>alterins</span> <span class='ocrx_word' id='word_1_19' title='bbox 545 149 617 166; x_wconf 83' lang='lat' dir='ltr'>inclusus</span> 
     </span>
     <span class='ocr_line' id='line_1_4' title="bbox 132 175 617 196; baseline 0 -4"><span class='ocrx_word' id='word_1_20' title='bbox 132 176 178 192; x_wconf 84' lang='lat' dir='ltr'>illum</span> <span class='ocrx_word' id='word_1_21' title='bbox 197 176 235 196; x_wconf 84' lang='lat' dir='ltr'>urit,</span> <span class='ocrx_word' id='word_1_22' title='bbox 247 180 278 192; x_wconf 90' lang='lat' dir='ltr'>non</span> <span class='ocrx_word' id='word_1_23' title='bbox 290 177 310 192; x_wconf 80' lang='lat' dir='ltr'>te.</span> <span class='ocrx_word' id='word_1_24' title='bbox 323 185 343 187; x_wconf 97' lang='lat'><strong>—</strong></span> <span class='ocrx_word' id='word_1_25' title='bbox 356 176 371 192; x_wconf 92' lang='lat' dir='ltr'>Si</span> <span class='ocrx_word' id='word_1_26' title='bbox 388 175 457 192; x_wconf 77' lang='lat' dir='ltr'>verbum</span> <span class='ocrx_word' id='word_1_27' title='bbox 475 176 539 192; x_wconf 79' lang='lat' dir='ltr'>durum</span> <span class='ocrx_word' id='word_1_28' title='bbox 557 176 617 193; x_wconf 76' lang='lat' dir='ltr'>dixerit</span> 
     </span>
     <span class='ocr_line' id='line_1_5' title="bbox 131 202 617 223; baseline 0 -4"><span class='ocrx_word' id='word_1_29' title='bbox 131 204 191 219; x_wconf 74' lang='lat' dir='ltr'>contra</span> <span class='ocrx_word' id='word_1_30' title='bbox 204 204 224 222; x_wconf 84' lang='lat' dir='ltr'>te,</span> <span class='ocrx_word' id='word_1_31' title='bbox 232 204 289 219; x_wconf 88' lang='lat' dir='ltr'>ventus</span> <span class='ocrx_word' id='word_1_32' title='bbox 297 206 356 219; x_wconf 79' lang='lat' dir='ltr'>sonans</span> <span class='ocrx_word' id='word_1_33' title='bbox 367 202 441 219; x_wconf 79' lang='lat' dir='ltr'><strong>transivit</strong></span> <span class='ocrx_word' id='word_1_34' title='bbox 449 207 477 223; x_wconf 83' lang='lat' dir='ltr'>per</span> <span class='ocrx_word' id='word_1_35' title='bbox 485 203 545 222; x_wconf 69' lang='lat' dir='ltr'>aerem,</span> <span class='ocrx_word' id='word_1_36' title='bbox 556 207 587 219; x_wconf 88' lang='lat' dir='ltr'>non</span> <span class='ocrx_word' id='word_1_37' title='bbox 597 202 617 219; x_wconf 86' lang='lat' dir='ltr'>ia·</span> 
     </span>
     <span class='ocr_line' id='line_1_6' title="bbox 131 229 616 250; baseline 0.002 -5"><span class='ocrx_word' id='word_1_38' title='bbox 131 229 187 246; x_wconf 83' lang='lat' dir='ltr'>culum</span> <span class='ocrx_word' id='word_1_39' title='bbox 201 229 228 245; x_wconf 87' lang='lat' dir='ltr'>tibi</span> <span class='ocrx_word' id='word_1_40' title='bbox 241 229 298 245; x_wconf 84' lang='lat' dir='ltr'>infixit.</span> <span class='ocrx_word' id='word_1_41' title='bbox 307 229 350 245; x_wconf 83' lang='lat' dir='ltr'>Sicut</span> <span class='ocrx_word' id='word_1_42' title='bbox 358 233 396 250; x_wconf 76' lang='lat' dir='ltr'>ergo</span> <span class='ocrx_word' id='word_1_43' title='bbox 405 229 471 249; x_wconf 80' lang='lat' dir='ltr'>rideres,</span> <span class='ocrx_word' id='word_1_44' title='bbox 479 229 491 246; x_wconf 88' lang='lat' dir='ltr'>si</span> <span class='ocrx_word' id='word_1_45' title='bbox 501 229 570 246; x_wconf 85' lang='lat' dir='ltr'>iaculum</span> <span class='ocrx_word' id='word_1_46' title='bbox 579 234 616 246; x_wconf 85' lang='lat' dir='ltr'>con-</span> 
     </span>
     <span class='ocr_line' id='line_1_7' title="bbox 132 255 616 272; baseline 0 0"><span class='ocrx_word' id='word_1_47' title='bbox 132 257 158 272; x_wconf 87' lang='lat' dir='ltr'>tra</span> <span class='ocrx_word' id='word_1_48' title='bbox 170 258 185 272; x_wconf 88' lang='lat' dir='ltr'>te</span> <span class='ocrx_word' id='word_1_49' title='bbox 198 256 264 272; x_wconf 87' lang='lat' dir='ltr'>missum</span> <span class='ocrx_word' id='word_1_50' title='bbox 276 260 321 272; x_wconf 80' lang='lat' dir='ltr'>casso</span> <span class='ocrx_word' id='word_1_51' title='bbox 334 255 400 272; x_wconf 80' lang='lat' dir='ltr'>vnlnere</span> <span class='ocrx_word' id='word_1_52' title='bbox 412 256 465 272; x_wconf 61' lang='lat' dir='ltr'>aeirem</span> <span class='ocrx_word' id='word_1_53' title='bbox 474 255 529 272; x_wconf 75' lang='lat' dir='ltr'>feriret</span> <span class='ocrx_word' id='word_1_54' title='bbox 537 258 553 272; x_wconf 88' lang='lat' dir='ltr'>et</span> <span class='ocrx_word' id='word_1_55' title='bbox 561 258 576 272; x_wconf 85' lang='lat' dir='ltr'>te</span> <span class='ocrx_word' id='word_1_56' title='bbox 584 260 616 272; x_wconf 90' lang='lat' dir='ltr'>non</span> 
     </span>
     <span class='ocr_line' id='line_1_8' title="bbox 132 282 617 303; baseline 0.002 -5"><span class='ocrx_word' id='word_1_57' title='bbox 132 282 240 303; x_wconf 78' lang='lat' dir='ltr'>contingeret;</span> <span class='ocrx_word' id='word_1_58' title='bbox 253 282 274 298; x_wconf 77' lang='lat' dir='ltr'>ita</span> <span class='ocrx_word' id='word_1_59' title='bbox 286 282 333 299; x_wconf 76' lang='lat' dir='ltr'>tacito</span> <span class='ocrx_word' id='word_1_60' title='bbox 344 282 364 299; x_wconf 85' lang='lat' dir='ltr'>ad</span> <span class='ocrx_word' id='word_1_61' title='bbox 378 282 427 299; x_wconf 79' lang='lat' dir='ltr'>verba</span> <span class='ocrx_word' id='word_1_62' title='bbox 439 282 559 299; x_wconf 82' lang='lat' dir='ltr'>maledicorum.</span> <span class='ocrx_word' id='word_1_63' title='bbox 569 282 617 300; x_wconf 85' lang='lat' dir='ltr'>Canis</span> 
     </span>
     <span class='ocr_line' id='line_1_9' title="bbox 132 309 616 330; baseline 0.002 -5"><span class='ocrx_word' id='word_1_64' title='bbox 132 309 180 325; x_wconf 78' lang='lat' dir='ltr'>latrat</span> <span class='ocrx_word' id='word_1_65' title='bbox 192 310 247 325; x_wconf 85' lang='lat' dir='ltr'>contra</span> <span class='ocrx_word' id='word_1_66' title='bbox 259 311 280 329; x_wconf 79' lang='lat' dir='ltr'>te,</span> <span class='ocrx_word' id='word_1_67' title='bbox 288 311 304 325; x_wconf 89' lang='lat' dir='ltr'>et</span> <span class='ocrx_word' id='word_1_68' title='bbox 312 309 379 326; x_wconf 90' lang='lat' dir='ltr'>ridendo</span> <span class='ocrx_word' id='word_1_69' title='bbox 388 309 480 330; x_wconf 85' lang='lat' dir='ltr'>pertransis.</span> <span class='ocrx_word' id='word_1_70' title='bbox 489 318 511 321; x_wconf 83' lang='lat'>—-</span> <span class='ocrx_word' id='word_1_71' title='bbox 519 309 534 326; x_wconf 89' lang='lat' dir='ltr'>Si</span> <span class='ocrx_word' id='word_1_72' title='bbox 543 309 616 326; x_wconf 78' lang='lat' dir='ltr'>detrahit</span> 
     </span>
     <span class='ocr_line' id='line_1_10' title="bbox 132 336 615 356; baseline 0.002 -4"><span class='ocrx_word' id='word_1_73' title='bbox 132 336 163 353; x_wconf 79' lang='lat' dir='ltr'>tibi</span> <span class='ocrx_word' id='word_1_74' title='bbox 173 336 238 355; x_wconf 68' lang='lat' dir='ltr'>absens,</span> <span class='ocrx_word' id='word_1_75' title='bbox 247 340 277 352; x_wconf 83' lang='lat' dir='ltr'>non</span> <span class='ocrx_word' id='word_1_76' title='bbox 290 336 369 356; x_wconf 78' lang='lat' dir='ltr'>turberis;</span> <span class='ocrx_word' id='word_1_77' title='bbox 381 340 399 353; x_wconf 89' lang='lat' dir='ltr'>se</span> <span class='ocrx_word' id='word_1_78' title='bbox 411 336 460 356; x_wconf 81' lang='lat' dir='ltr'>laesit,</span> <span class='ocrx_word' id='word_1_79' title='bbox 473 336 501 353; x_wconf 88' lang='lat' dir='ltr'>tibi</span> <span class='ocrx_word' id='word_1_80' title='bbox 513 341 544 353; x_wconf 89' lang='lat' dir='ltr'>non</span> <span class='ocrx_word' id='word_1_81' title='bbox 557 336 615 353; x_wconf 72' lang='lat' dir='ltr'>nocuit</span> 
     </span>
     <span class='ocr_line' id='line_1_11' title="bbox 133 362 616 384; baseline 0 -5"><span class='ocrx_word' id='word_1_82' title='bbox 133 362 168 384; x_wconf 79' lang='lat' dir='ltr'>lpse</span> <span class='ocrx_word' id='word_1_83' title='bbox 186 362 261 384; x_wconf 78' lang='lat' dir='ltr'>prodidit,</span> <span class='ocrx_word' id='word_1_84' title='bbox 279 367 297 379; x_wconf 88' lang='lat' dir='ltr'>se</span> <span class='ocrx_word' id='word_1_85' title='bbox 314 367 349 379; x_wconf 77' lang='lat' dir='ltr'>esse</span> <span class='ocrx_word' id='word_1_86' title='bbox 362 363 434 379; x_wconf 87' lang='lat' dir='ltr'>invidum</span> <span class='ocrx_word' id='word_1_87' title='bbox 447 365 463 379; x_wconf 90' lang='lat' dir='ltr'>et</span> <span class='ocrx_word' id='word_1_88' title='bbox 477 363 589 383; x_wconf 79' lang='lat' dir='ltr'>detractorem,</span> <span class='ocrx_word' id='word_1_89' title='bbox 600 365 616 380; x_wconf 87' lang='lat' dir='ltr'>et</span> 
     </span>
     <span class='ocr_line' id='line_1_12' title="bbox 132 389 616 411; baseline 0 -5"><span class='ocrx_word' id='word_1_90' title='bbox 132 394 150 406; x_wconf 83' lang='lat' dir='ltr'>se</span> <span class='ocrx_word' id='word_1_91' title='bbox 161 389 205 411; x_wconf 83' lang='lat' dir='ltr'>apud</span> <span class='ocrx_word' id='word_1_92' title='bbox 218 389 324 411; x_wconf 68' lang='lat' dir='ltr'>intelligentes</span> <span class='ocrx_word' id='word_1_93' title='bbox 337 389 387 410; x_wconf 81' lang='lat' dir='ltr'>magis</span> <span class='ocrx_word' id='word_1_94' title='bbox 398 389 474 406; x_wconf 87' lang='lat' dir='ltr'>odibilem</span> <span class='ocrx_word' id='word_1_95' title='bbox 487 390 511 406; x_wconf 79' lang='lat' dir='ltr'>vel</span> <span class='ocrx_word' id='word_1_96' title='bbox 524 390 616 411; x_wconf 80' lang='lat' dir='ltr'>contempti-</span> 
     </span>
     <span class='ocr_line' id='line_1_13' title="bbox 132 416 616 438; baseline 0 -5"><span class='ocrx_word' id='word_1_97' title='bbox 132 416 181 433; x_wconf 83' lang='lat' dir='ltr'>bilem</span> <span class='ocrx_word' id='word_1_98' title='bbox 194 416 269 436; x_wconf 78' lang='lat' dir='ltr'>reddidit,</span> <span class='ocrx_word' id='word_1_99' title='bbox 281 418 297 433; x_wconf 89' lang='lat' dir='ltr'>et</span> <span class='ocrx_word' id='word_1_100' title='bbox 308 416 331 433; x_wconf 90' lang='lat' dir='ltr'>sic</span> <span class='ocrx_word' id='word_1_101' title='bbox 343 416 429 433; x_wconf 77' lang='lat' dir='ltr'>vindicavit</span> <span class='ocrx_word' id='word_1_102' title='bbox 441 419 456 433; x_wconf 87' lang='lat' dir='ltr'>te</span> <span class='ocrx_word' id='word_1_103' title='bbox 468 416 488 433; x_wconf 85' lang='lat' dir='ltr'>de</span> <span class='ocrx_word' id='word_1_104' title='bbox 500 417 566 438; x_wconf 80' lang='lat' dir='ltr'>seipso.</span> <span class='ocrx_word' id='word_1_105' title='bbox 575 417 616 433; x_wconf 87' lang='lat' dir='ltr'>Tace</span> 
     </span>
     <span class='ocr_line' id='line_1_14' title="bbox 132 442 616 464; baseline 0.002 -5"><span class='ocrx_word' id='word_1_106' title='bbox 132 443 187 464; x_wconf 84' lang='lat' dir='ltr'>igitur,</span> <span class='ocrx_word' id='word_1_107' title='bbox 199 445 215 460; x_wconf 88' lang='lat' dir='ltr'>et</span> <span class='ocrx_word' id='word_1_108' title='bbox 226 442 253 459; x_wconf 82' lang='lat' dir='ltr'>alii</span> <span class='ocrx_word' id='word_1_109' title='bbox 266 443 360 464; x_wconf 80' lang='lat' dir='ltr'>pugnabunt</span> <span class='ocrx_word' id='word_1_110' title='bbox 373 447 401 464; x_wconf 86' lang='lat' dir='ltr'>pro</span> <span class='ocrx_word' id='word_1_111' title='bbox 414 445 429 460; x_wconf 85' lang='lat' dir='ltr'>te</span> <span class='ocrx_word' id='word_1_112' title='bbox 444 445 460 459; x_wconf 89' lang='lat' dir='ltr'>et</span> <span class='ocrx_word' id='word_1_113' title='bbox 472 443 549 460; x_wconf 79' lang='lat' dir='ltr'>Dominus</span> <span class='ocrx_word' id='word_1_114' title='bbox 560 445 616 460; x_wconf 84' lang='lat' dir='ltr'>contra</span> 
     </span>
     <span class='ocr_line' id='line_1_15' title="bbox 132 469 616 491; baseline 0.002 -5"><span class='ocrx_word' id='word_1_115' title='bbox 132 470 308 491; x_wconf 55' lang='lat' dir='ltr'>adversariumjnum.</span> <span class='ocrx_word' id='word_1_116' title='bbox 321 470 336 486; x_wconf 86' lang='lat' dir='ltr'>Si</span> <span class='ocrx_word' id='word_1_117' title='bbox 348 472 402 486; x_wconf 86' lang='lat' dir='ltr'>antem</span> <span class='ocrx_word' id='word_1_118' title='bbox 412 469 468 491; x_wconf 91' lang='lat' dir='ltr'>incipis</span> <span class='ocrx_word' id='word_1_119' title='bbox 476 474 514 486; x_wconf 92' lang='lat' dir='ltr'>cum</span> <span class='ocrx_word' id='word_1_120' title='bbox 526 474 545 487; x_wconf 85' lang='lat' dir='ltr'>eo</span> <span class='ocrx_word' id='word_1_121' title='bbox 557 474 616 487; x_wconf 80' lang='lat' dir='ltr'>remor-</span> 
     </span>
     <span class='ocr_line' id='line_1_16' title="bbox 132 496 616 518; baseline 0 -5"><span class='ocrx_word' id='word_1_122' title='bbox 132 496 186 513; x_wconf 87' lang='lat' dir='ltr'>dendo</span> <span class='ocrx_word' id='word_1_123' title='bbox 197 496 298 516; x_wconf 81' lang='lat' dir='ltr'>contendere,</span> <span class='ocrx_word' id='word_1_124' title='bbox 310 496 338 518; x_wconf 83' lang='lat' dir='ltr'>qui</span> <span class='ocrx_word' id='word_1_125' title='bbox 350 496 395 518; x_wconf 86' lang='lat' dir='ltr'>prius</span> <span class='ocrx_word' id='word_1_126' title='bbox 408 496 435 513; x_wconf 84' lang='lat' dir='ltr'>tihi</span> <span class='ocrx_word' id='word_1_127' title='bbox 448 497 526 518; x_wconf 78' lang='lat' dir='ltr'>compassi</span> <span class='ocrx_word' id='word_1_128' title='bbox 535 498 572 513; x_wconf 90' lang='lat' dir='ltr'>sunt</span> <span class='ocrx_word' id='word_1_129' title='bbox 586 499 616 513; x_wconf 85' lang='lat' dir='ltr'>sta-</span> 
     </span>
     <span class='ocr_line' id='line_1_17' title="bbox 132 523 615 545; baseline 0.002 -6"><span class='ocrx_word' id='word_1_130' title='bbox 132 523 173 539; x_wconf 84' lang='lat' dir='ltr'>bunt</span> <span class='ocrx_word' id='word_1_131' title='bbox 184 524 200 540; x_wconf 87' lang='lat' dir='ltr'>et</span> <span class='ocrx_word' id='word_1_132' title='bbox 212 523 288 544; x_wconf 75' lang='lat' dir='ltr'>aspicient</span> <span class='ocrx_word' id='word_1_133' title='bbox 301 527 329 539; x_wconf 80' lang='lat' dir='ltr'>vos</span> <span class='ocrx_word' id='word_1_134' title='bbox 341 525 467 544; x_wconf 73' lang='lat' dir='ltr'>compugnantes</span> <span class='ocrx_word' id='word_1_135' title='bbox 480 523 522 540; x_wconf 82' lang='lat' dir='ltr'>sicut</span> <span class='ocrx_word' id='word_1_136' title='bbox 533 523 574 540; x_wconf 84' lang='lat' dir='ltr'>duos</span> <span class='ocrx_word' id='word_1_137' title='bbox 582 523 615 545; x_wconf 81' lang='lat' dir='ltr'>gal-</span> 
     </span>
     <span class='ocr_line' id='line_1_18' title="bbox 132 549 616 571; baseline 0.002 -5"><span class='ocrx_word' id='word_1_138' title='bbox 132 549 157 566; x_wconf 86' lang='lat' dir='ltr'>los</span> <span class='ocrx_word' id='word_1_139' title='bbox 169 551 184 566; x_wconf 78' lang='lat' dir='ltr'>et</span> <span class='ocrx_word' id='word_1_140' title='bbox 196 549 251 566; x_wconf 84' lang='lat' dir='ltr'>ambos</span> <span class='ocrx_word' id='word_1_141' title='bbox 264 554 292 566; x_wconf 82' lang='lat' dir='ltr'>vos</span> <span class='ocrx_word' id='word_1_142' title='bbox 304 549 392 571; x_wconf 80' lang='lat' dir='ltr'>despicient</span> <span class='ocrx_word' id='word_1_143' title='bbox 409 552 425 566; x_wconf 83' lang='lat' dir='ltr'>et</span> <span class='ocrx_word' id='word_1_144' title='bbox 436 550 490 567; x_wconf 88' lang='lat' dir='ltr'>odient</span> <span class='ocrx_word' id='word_1_145' title='bbox 507 552 522 566; x_wconf 86' lang='lat' dir='ltr'>et</span> <span class='ocrx_word' id='word_1_146' title='bbox 534 550 616 571; x_wconf 84' lang='lat' dir='ltr'>impatien-</span> 
     </span>
     <span class='ocr_line' id='line_1_19' title="bbox 131 576 616 597; baseline 0.002 -5"><span class='ocrx_word' id='word_1_147' title='bbox 131 576 164 592; x_wconf 86' lang='lat' dir='ltr'>tiae</span> <span class='ocrx_word' id='word_1_148' title='bbox 175 577 191 592; x_wconf 92' lang='lat' dir='ltr'>et</span> <span class='ocrx_word' id='word_1_149' title='bbox 203 576 272 593; x_wconf 78' lang='lat' dir='ltr'>invidiae</span> <span class='ocrx_word' id='word_1_150' title='bbox 284 578 357 597; x_wconf 76' lang='lat' dir='ltr'>arguent.</span> <span class='ocrx_word' id='word_1_151' title='bbox 369 585 390 588; x_wconf 98' lang='lat'><strong>—</strong></span> <span class='ocrx_word' id='word_1_152' title='bbox 402 576 418 592; x_wconf 92' lang='lat' dir='ltr'>Si</span> <span class='ocrx_word' id='word_1_153' title='bbox 427 576 473 593; x_wconf 82' lang='lat' dir='ltr'>times</span> <span class='ocrx_word' id='word_1_154' title='bbox 481 576 574 593; x_wconf 73' lang='lat' dir='ltr'>detractori</span> <span class='ocrx_word' id='word_1_155' title='bbox 580 581 616 593; x_wconf 86' lang='lat' dir='ltr'>con-</span> 
     </span>
     <span class='ocr_line' id='line_1_20' title="bbox 132 603 615 625; baseline 0.002 -6"><span class='ocrx_word' id='word_1_156' title='bbox 132 605 158 619; x_wconf 75' lang='lat' dir='ltr'>tra</span> <span class='ocrx_word' id='word_1_157' title='bbox 170 606 185 620; x_wconf 82' lang='lat' dir='ltr'>te</span> <span class='ocrx_word' id='word_1_158' title='bbox 196 603 249 622; x_wconf 76' lang='lat' dir='ltr'>creati,</span> <span class='ocrx_word' id='word_1_159' title='bbox 261 603 322 620; x_wconf 85' lang='lat' dir='ltr'>sustine</span> <span class='ocrx_word' id='word_1_160' title='bbox 335 603 422 623; x_wconf 80' lang='lat' dir='ltr'>humiliter,</span> <span class='ocrx_word' id='word_1_161' title='bbox 434 605 450 620; x_wconf 89' lang='lat' dir='ltr'>et</span> <span class='ocrx_word' id='word_1_162' title='bbox 462 603 537 625; x_wconf 82' lang='lat' dir='ltr'>patientia</span> <span class='ocrx_word' id='word_1_163' title='bbox 551 606 578 620; x_wconf 84' lang='lat' dir='ltr'>tua</span> <span class='ocrx_word' id='word_1_164' title='bbox 586 604 615 620; x_wconf 83' lang='lat' dir='ltr'>tol-</span> 
     </span>
     <span class='ocr_line' id='line_1_21' title="bbox 131 629 615 651; baseline 0.002 -5"><span class='ocrx_word' id='word_1_165' title='bbox 131 629 154 646; x_wconf 89' lang='lat' dir='ltr'>let</span> <span class='ocrx_word' id='word_1_166' title='bbox 165 630 272 651; x_wconf 79' lang='lat' dir='ltr'>suspicionem</span> <span class='ocrx_word' id='word_1_167' title='bbox 285 629 309 646; x_wconf 87' lang='lat' dir='ltr'>vel</span> <span class='ocrx_word' id='word_1_168' title='bbox 323 630 401 651; x_wconf 77' lang='lat' dir='ltr'>mitigabit</span> <span class='ocrx_word' id='word_1_169' title='bbox 412 630 548 651; x_wconf 83' lang='lat' dir='ltr'>praesumtionem</span> <span class='ocrx_word' id='word_1_170' title='bbox 565 630 586 647; x_wconf 85' lang='lat' dir='ltr'>de</span> <span class='ocrx_word' id='word_1_171' title='bbox 600 632 615 647; x_wconf 82' lang='lat' dir='ltr'>te</span> 
     </span>
     <span class='ocr_line' id='line_1_22' title="bbox 133 656 322 673; baseline 0 0"><span class='ocrx_word' id='word_1_172' title='bbox 133 656 149 673; x_wconf 87' lang='lat' dir='ltr'>iu</span> <span class='ocrx_word' id='word_1_173' title='bbox 161 656 237 673; x_wconf 81' lang='lat' dir='ltr'>cordibus</span> <span class='ocrx_word' id='word_1_174' title='bbox 248 657 322 673; x_wconf 86' lang='lat' dir='ltr'>aliorum.</span> 
     </span>
    </p>

    <p class='ocr_par' dir='ltr' id='par_1_4' title="bbox 127 683 616 971">
     <span class='ocr_line' id='line_1_23' title="bbox 178 683 615 704; baseline 0.002 -4"><span class='ocrx_word' id='word_1_175' title='bbox 178 683 193 700; x_wconf 81' lang='lat'>3.</span> <span class='ocrx_word' id='word_1_176' title='bbox 205 684 220 700; x_wconf 92' lang='lat' dir='ltr'>Si</span> <span class='ocrx_word' id='word_1_177' title='bbox 232 686 286 700; x_wconf 83' lang='lat' dir='ltr'>autern</span> <span class='ocrx_word' id='word_1_178' title='bbox 298 688 328 700; x_wconf 84' lang='lat' dir='ltr'>cor</span> <span class='ocrx_word' id='word_1_179' title='bbox 340 686 388 700; x_wconf 73' lang='lat' dir='ltr'>tuum</span> <span class='ocrx_word' id='word_1_180' title='bbox 396 683 450 700; x_wconf 89' lang='lat' dir='ltr'>uritur</span> <span class='ocrx_word' id='word_1_181' title='bbox 462 684 505 701; x_wconf 86' lang='lat' dir='ltr'>intus</span> <span class='ocrx_word' id='word_1_182' title='bbox 513 688 533 701; x_wconf 83' lang='lat' dir='ltr'>ex</span> <span class='ocrx_word' id='word_1_183' title='bbox 542 689 615 704; x_wconf 78' lang='lat' dir='ltr'>rancore,</span> 
     </span>
     <span class='ocr_line' id='line_1_24' title="bbox 132 708 615 732; baseline 0 -5"><span class='ocrx_word' id='word_1_184' title='bbox 132 708 202 732; x_wconf 80' lang='lat' dir='ltr'>rept‘ime</span> <span class='ocrx_word' id='word_1_185' title='bbox 214 710 273 727; x_wconf 85' lang='lat' dir='ltr'>intuitu</span> <span class='ocrx_word' id='word_1_186' title='bbox 285 712 371 727; x_wconf 83' lang='lat' dir='ltr'>secuturae</span> <span class='ocrx_word' id='word_1_187' title='bbox 383 710 460 730; x_wconf 83' lang='lat' dir='ltr'>utilitatis,</span> <span class='ocrx_word' id='word_1_188' title='bbox 472 711 514 727; x_wconf 79' lang='lat' dir='ltr'>sicut</span> <span class='ocrx_word' id='word_1_189' title='bbox 525 711 553 732; x_wconf 86' lang='lat' dir='ltr'>qui</span> <span class='ocrx_word' id='word_1_190' title='bbox 562 711 615 728; x_wconf 79' lang='lat' dir='ltr'>uritur</span> 
     </span>
     <span class='ocr_line' id='line_1_25' title="bbox 132 737 615 758; baseline 0.002 -5"><span class='ocrx_word' id='word_1_191' title='bbox 132 737 158 754; x_wconf 88' lang='lat' dir='ltr'>vel</span> <span class='ocrx_word' id='word_1_192' title='bbox 170 739 233 754; x_wconf 79' lang='lat' dir='ltr'>secatur</span> <span class='ocrx_word' id='word_1_193' title='bbox 246 742 275 758; x_wconf 86' lang='lat' dir='ltr'>pro</span> <span class='ocrx_word' id='word_1_194' title='bbox 289 737 344 758; x_wconf 80' lang='lat' dir='ltr'>aliquo</span> <span class='ocrx_word' id='word_1_195' title='bbox 360 739 458 758; x_wconf 82' lang='lat' dir='ltr'>apostemate</span> <span class='ocrx_word' id='word_1_196' title='bbox 476 738 546 754; x_wconf 84' lang='lat' dir='ltr'>sanando</span> <span class='ocrx_word' id='word_1_197' title='bbox 558 738 615 754; x_wconf 85' lang='lat' dir='ltr'>tolerat</span> 
     </span>
     <span class='ocr_line' id='line_1_26' title="bbox 131 763 616 786; baseline 0.002 -6"><span class='ocrx_word' id='word_1_198' title='bbox 131 764 198 781; x_wconf 84' lang='lat' dir='ltr'>brevem</span> <span class='ocrx_word' id='word_1_199' title='bbox 211 763 282 780; x_wconf 85' lang='lat' dir='ltr'>dolorem</span> <span class='ocrx_word' id='word_1_200' title='bbox 295 768 324 785; x_wconf 91' lang='lat' dir='ltr'>pro</span> <span class='ocrx_word' id='word_1_201' title='bbox 333 766 397 785; x_wconf 81' lang='lat' dir='ltr'>sperata</span> <span class='ocrx_word' id='word_1_202' title='bbox 404 764 455 780; x_wconf 81' lang='lat' dir='ltr'>salute</span> <span class='ocrx_word' id='word_1_203' title='bbox 463 764 554 781; x_wconf 85' lang='lat' dir='ltr'>obtinenda.</span> <span class='ocrx_word' id='word_1_204' title='bbox 567 764 616 786; x_wconf 73' lang='lat' dir='ltr'>Opur‹</span> 
     </span>
     <span class='ocr_line' id='line_1_27' title="bbox 132 790 615 812; baseline 0 -5"><span class='ocrx_word' id='word_1_205' title='bbox 132 792 160 810; x_wconf 76' lang='lat' dir='ltr'>tet,</span> <span class='ocrx_word' id='word_1_206' title='bbox 172 795 201 807; x_wconf 87' lang='lat' dir='ltr'>nus</span> <span class='ocrx_word' id='word_1_207' title='bbox 213 790 245 812; x_wconf 83' lang='lat' dir='ltr'>pati</span> <span class='ocrx_word' id='word_1_208' title='bbox 258 795 321 807; x_wconf 82' lang='lat' dir='ltr'>morsus</span> <span class='ocrx_word' id='word_1_209' title='bbox 334 790 404 811; x_wconf 88' lang='lat' dir='ltr'>pulicum</span> <span class='ocrx_word' id='word_1_210' title='bbox 417 792 433 807; x_wconf 94' lang='lat' dir='ltr'>et</span> <span class='ocrx_word' id='word_1_211' title='bbox 450 790 526 807; x_wconf 84' lang='lat' dir='ltr'>similium</span> <span class='ocrx_word' id='word_1_212' title='bbox 543 791 615 807; x_wconf 80' lang='lat' dir='ltr'>bestiola-</span> 
     </span>
     <span class='ocr_line' id='line_1_28' title="bbox 131 817 615 839; baseline 0.002 -6"><span class='ocrx_word' id='word_1_213' title='bbox 131 821 178 837; x_wconf 86' lang='lat' dir='ltr'>rnm;</span> <span class='ocrx_word' id='word_1_214' title='bbox 190 817 213 834; x_wconf 88' lang='lat' dir='ltr'>sic</span> <span class='ocrx_word' id='word_1_215' title='bbox 225 817 272 833; x_wconf 89' lang='lat' dir='ltr'>etiam</span> <span class='ocrx_word' id='word_1_216' title='bbox 284 817 393 834; x_wconf 84' lang='lat' dir='ltr'>sustineamus</span> <span class='ocrx_word' id='word_1_217' title='bbox 408 822 445 834; x_wconf 81' lang='lat' dir='ltr'>cnm</span> <span class='ocrx_word' id='word_1_218' title='bbox 458 817 532 839; x_wconf 81' lang='lat' dir='ltr'>patientia</span> <span class='ocrx_word' id='word_1_219' title='bbox 544 817 615 838; x_wconf 85' lang='lat' dir='ltr'>punctio-</span> 
     </span>
     <span class='ocr_line' id='line_1_29' title="bbox 127 841 615 865; baseline 0 -5"><span class='ocrx_word' id='word_1_220' title='bbox 127 841 160 860; x_wconf 77' lang='lat' dir='ltr'>vnes</span> <span class='ocrx_word' id='word_1_221' title='bbox 173 843 228 860; x_wconf 84' lang='lat' dir='ltr'>vilium</span> <span class='ocrx_word' id='word_1_222' title='bbox 241 843 355 860; x_wconf 66' lang='lat' dir='ltr'>detractorum,</span> <span class='ocrx_word' id='word_1_223' title='bbox 367 844 422 865; x_wconf 80' lang='lat' dir='ltr'>inopes</span> <span class='ocrx_word' id='word_1_224' title='bbox 435 844 500 861; x_wconf 81' lang='lat' dir='ltr'>honoris</span> <span class='ocrx_word' id='word_1_225' title='bbox 508 849 539 860; x_wconf 83' lang='lat' dir='ltr'>nnn</span> <span class='ocrx_word' id='word_1_226' title='bbox 548 846 615 865; x_wconf 75' lang='lat' dir='ltr'>possunt</span> 
     </span>
     <span class='ocr_line' id='line_1_30' title="bbox 131 870 614 892; baseline 0 -5"><span class='ocrx_word' id='word_1_227' title='bbox 131 870 166 887; x_wconf 83' lang='lat' dir='ltr'>sine</span> <span class='ocrx_word' id='word_1_228' title='bbox 179 870 238 887; x_wconf 79' lang='lat' dir='ltr'>invidia</span> <span class='ocrx_word' id='word_1_229' title='bbox 250 870 282 892; x_wconf 88' lang='lat' dir='ltr'>pati</span> <span class='ocrx_word' id='word_1_230' title='bbox 296 870 351 888; x_wconf 79' lang='lat' dir='ltr'>landes</span> <span class='ocrx_word' id='word_1_231' title='bbox 369 870 460 891; x_wconf 84' lang='lat' dir='ltr'>meliorum,</span> <span class='ocrx_word' id='word_1_232' title='bbox 471 875 512 892; x_wconf 84' lang='lat' dir='ltr'>quas</span> <span class='ocrx_word' id='word_1_233' title='bbox 529 875 566 888; x_wconf 81' lang='lat' dir='ltr'>cum</span> <span class='ocrx_word' id='word_1_234' title='bbox 585 871 614 892; x_wconf 86' lang='lat' dir='ltr'>ipsi</span> 
     </span>
     <span class='ocr_line' id='line_1_31' title="bbox 131 897 615 918; baseline 0 -4"><span class='ocrx_word' id='word_1_235' title='bbox 131 897 191 914; x_wconf 84' lang='lat' dir='ltr'>habere</span> <span class='ocrx_word' id='word_1_236' title='bbox 204 902 234 914; x_wconf 89' lang='lat' dir='ltr'>non</span> <span class='ocrx_word' id='word_1_237' title='bbox 247 897 305 917; x_wconf 82' lang='lat' dir='ltr'>valent,</span> <span class='ocrx_word' id='word_1_238' title='bbox 318 897 377 916; x_wconf 81' lang='lat' dir='ltr'>dolent.</span> <span class='ocrx_word' id='word_1_239' title='bbox 389 902 406 914; x_wconf 87' lang='lat' dir='ltr'>se</span> <span class='ocrx_word' id='word_1_240' title='bbox 415 897 457 914; x_wconf 84' lang='lat' dir='ltr'>solos</span> <span class='ocrx_word' id='word_1_241' title='bbox 465 898 545 918; x_wconf 77' lang='lat' dir='ltr'>contundi,</span> <span class='ocrx_word' id='word_1_242' title='bbox 557 900 573 915; x_wconf 90' lang='lat' dir='ltr'>et</span> <span class='ocrx_word' id='word_1_243' title='bbox 584 898 615 914; x_wconf 86' lang='lat' dir='ltr'>vel-</span> 
     </span>
     <span class='ocr_line' id='line_1_32' title="bbox 132 924 615 946; baseline 0.002 -6"><span class='ocrx_word' id='word_1_244' title='bbox 132 924 164 940; x_wconf 84' lang='lat' dir='ltr'>lent</span> <span class='ocrx_word' id='word_1_245' title='bbox 176 928 230 941; x_wconf 75' lang='lat' dir='ltr'>secum</span> <span class='ocrx_word' id='word_1_246' title='bbox 249 924 310 941; x_wconf 86' lang='lat' dir='ltr'>habere</span> <span class='ocrx_word' id='word_1_247' title='bbox 327 924 378 941; x_wconf 78' lang='lat' dir='ltr'>socius</span> <span class='ocrx_word' id='word_1_248' title='bbox 396 924 469 941; x_wconf 80' lang='lat' dir='ltr'>miseriae</span> <span class='ocrx_word' id='word_1_249' title='bbox 485 929 515 946; x_wconf 82' lang='lat' dir='ltr'>pro</span> <span class='ocrx_word' id='word_1_250' title='bbox 527 925 587 944; x_wconf 81' lang='lat' dir='ltr'>solatio,</span> <span class='ocrx_word' id='word_1_251' title='bbox 599 927 615 941; x_wconf 80' lang='lat' dir='ltr'>et</span> 
     </span>
     <span class='ocr_line' id='line_1_33' title="bbox 131 950 615 971; baseline 0 -4"><span class='ocrx_word' id='word_1_252' title='bbox 131 950 167 967; x_wconf 86' lang='lat' dir='ltr'>ideo</span> <span class='ocrx_word' id='word_1_253' title='bbox 180 950 267 968; x_wconf 85' lang='lat' dir='ltr'>detrahunt</span> <span class='ocrx_word' id='word_1_254' title='bbox 278 951 319 971; x_wconf 87' lang='lat' dir='ltr'>aliis,</span> <span class='ocrx_word' id='word_1_255' title='bbox 330 951 372 968; x_wconf 77' lang='lat' dir='ltr'>sicut</span> <span class='ocrx_word' id='word_1_256' title='bbox 384 951 460 968; x_wconf 78' lang='lat' dir='ltr'>deformis</span> <span class='ocrx_word' id='word_1_257' title='bbox 472 951 525 971; x_wconf 81' lang='lat' dir='ltr'>vellet,</span> <span class='ocrx_word' id='word_1_258' title='bbox 534 951 563 968; x_wconf 85' lang='lat' dir='ltr'>sibi</span> <span class='ocrx_word' id='word_1_259' title='bbox 574 951 615 968; x_wconf 85' lang='lat' dir='ltr'>alios</span> 
     </span>
    </p>
   </div>
  </div>
 </body>
</html>
