2738 4316
262 267 303 314 DE
326 265 550 317 conrostrtottn
573 265 703 316 HOMINIS
727 266 917 316 extentonts.
1052 251 1071 316 5

102 373 291 452 voluntatis,
315 379 346 438 et
374 397 390 430 a
407 372 612 439 contrectatio
629 371 673 438 rei
691 371 812 438 aiienae
828 371 926 438 inrito
943 372 1072 440 domino

100 479 230 546 iurturn
255 485 303 545 est
319 503 351 558 »;
375 478 428 544 inr
451 486 563 546 aowin
579 477 670 544 ooeio
686 497 753 544 non
769 478 951 564 appropiat
966 479 988 542 ¹.
1010 479 1070 564 ipsi

100 594 247 653 reotores
272 586 370 652 nostri
395 592 470 652 sunt
494 585 601 653 vicarii
633 586 687 652 Dei
720 602 818 670 snper
853 603 920 666 nos,
944 593 977 652 et
1001 585 1072 652 ideo

99 691 263 759 debernns
279 694 325 760 eis
347 693 436 759 sieut
461 692 601 758 Domino
625 692 765 771 obedire,
782 701 812 758 et
827 710 894 758 oon
910 692 1001 778 qnasi
1020 689 1072 758 do·

99 798 255 865 minione
268 798 292 878 ²,
316 799 469 884 quianon
487 807 617 885 propter
636 800 730 884 ipsos,
748 798 803 865 sed
821 806 952 884 propter
969 797 1070 866 Deum

99 906 150 973 eis
176 905 389 972 subiacentes.
414 905 533 972 ideireo
558 905 652 972 taient
677 913 710 972 te
731 905 888 971 exhibeas
911 905 950 984 ei,
975 913 1012 971 nt
1036 905 1072 971 ii-

100 1012 183 1079 bere
207 1012 325 1091 iubeat,
350 1021 381 1079 te
404 1012 509 1080 faeere
535 1012 584 1078 rei
606 1013 753 1080 omittere
769 1011 926 1098 quidquid
943 1013 1072 1080 ridetur

100 1120 130 1186 ei
157 1118 325 1205 expedire,
349 1119 434 1205 qnia,
455 1119 481 1186 si
505 1119 571 1205 ipse
595 1120 685 1186 timot
708 1125 749 1196 te,
774 1119 836 1185 iarn
860 1138 979 1186 serens
1002 1139 1071 1186 mo·

100 1226 158 1291 ior
171 1233 219 1292 eet
235 1226 371 1292 domino
386 1245 460 1304 stro,
473 1233 503 1291 et
518 1225 706 1311 dr'soipoios
717 1245 820 1312 snper
832 1227 1037 1313 m‘opistrrrm
1048 1225 1070 1290 ⁸.

465 1455 649 1524 Cnrrrnnnn
674 1457 720 1522 itt.

278 1651 323 1717 De
342 1670 426 1736 paee
449 1671 526 1718 otim
545 1651 713 1748 praeieris
736 1649 898 1718 habenda.

195 1865 281 1932 Habe
303 1883 413 1951 paoern
438 1883 565 1950 semper
589 1883 661 1932 enrn
688 1865 848 1951 praetatis,
872 1883 934 1931 non
957 1864 1003 1932 eis
1020 1864 1072 1938 de,-

102 1973 217 2039 trahas
233 1990 290 2039 neo
307 1972 442 2039 libenter
466 1972 578 2040 audias
594 1973 640 2039 eis
657 1972 871 2052 detrahentes,
893 1973 969 2057 qnia
985 1971 1071 2039 Dens

178 2169 185 2201 ¹
209 2169 272 2220 Luc.
293 2169 334 2233 tt,
354 2168 397 2220 33.
416 2196 451 2208 -
470 2169 508 2222 De
527 2169 701 2234 praecedente
720 2169 873 2222 definitione
892 2168 952 2221 iurti
971 2169 1017 2221 cir.
1032 2167 1072 2222 iu·

101 2258 219 2319 stinian„
239 2255 280 2308 iV.
302 2258 409 2310 institut.
428 2259 476 2309 iur.
497 2260 547 2310 civ.
568 2260 603 2310 tit.
625 2259 649 2310 t.
669 2257 685 2324 S
704 2257 821 2322 Furtum,
834 2263 860 2309 et
878 2257 1070 2323 Beneventum,

102 2345 132 2396 ii.
156 2344 228 2395 Sent.
247 2343 306 2395 dist.
327 2343 370 2396 itt.
389 2343 453 2397 dub.
474 2346 498 2395 2.

178 2429 189 2464 ²
209 2432 304 2496 Epiros,
323 2433 348 2495 6,
368 2432 392 2484 7.

179 2519 190 2554 ³
210 2521 279 2572 ioan.
292 2521 333 2586 t3,
346 2522 388 2572 tt.
401 2547 436 2560 —
450 2522 496 2574 Ed.
510 2523 535 2588 2,
546 2537 614 2589 qnae
628 2521 773 2575 secundam
787 2531 888 2587 partem
902 2523 981 2574 huius
993 2521 1071 2587 primi

106 2607 165 2660 iibri
186 2609 292 2674 omittit,
309 2611 351 2661 irio
369 2617 394 2664 et
413 2612 439 2662 in
459 2608 619 2678 quibusdam
639 2612 696 2664 aitis
709 2611 772 2663 locis
786 2609 865 2662 nabet
877 2610 982 2662 diversa
1001 2609 1072 2663 addi·

107 2703 221 2750 tamenta
235 2698 296 2762 pins
309 2699 430 2752 minusve
449 2700 535 2765 ionga,
555 2700 588 2752 de
602 2699 700 2768 quibus
713 2701 802 2754 confer
816 2699 1012 2764 praefationem.
1026 2699 1072 2752 iiic

106 2802 130 2840 e.
151 2803 178 2852 g.
197 2787 370 2840 additionum
390 2788 541 2842 desumtum
561 2803 592 2840 ex
612 2789 724 2855 prologo
742 2797 768 2842 et
786 2803 817 2842 ex
836 2802 894 2854 cap.
913 2788 938 2840 5.
958 2788 1072 2854 Reguiae

106 2879 134 2929 S.
154 2877 261 2940 Bened„
283 2879 414 2943 integrum
435 2879 488 2930 iere
507 2891 587 2930 serrn.
605 2877 632 2932 7.
654 2879 687 2930 ad
706 2879 808 2932 Fratres
833 2880 859 2929 in
885 2890 976 2930 eremo
996 2877 1073 2944 (inter

106 2979 188 3031 opera
208 2967 235 3016 S.
254 2965 343 3034 tue),
362 2967 404 3018 cui
424 2967 569 3020 secundnm
588 2981 695 3020 sensnm
714 2969 876 3020 interseritur
905 2970 1028 3019 tractatus
1046 2965 1072 3017 S.

107 3057 183 3108 Bern.
204 3055 238 3108 de
256 3053 274 3106 7
293 3053 421 3120 gradibus
445 3054 610 3110 obedientiae
628 3057 718 3126 (serm.
739 3057 782 3109 tt.
801 3056 835 3109 de
854 3055 979 3121 Diversis,
998 3068 1024 3106 n.
1047 3053 1072 3106 i.

105 3145 193 3212 seqq.)
204 3150 231 3198 et
241 3145 372 3212 quaedam
386 3145 451 3196 aliae
464 3147 605 3197 sententiae
618 3146 652 3198 de
665 3144 822 3199 obedientia.
842 3144 940 3197 Deinde
953 3143 1073 3208 adiungit

105 3233 178 3288 atiud
192 3233 337 3298 capttninrn
351 3233 390 3287 De
402 3231 553 3288 humilitate
564 3231 663 3303 tritique
682 3231 828 3298 serpendo,
850 3233 1027 3297 compositum
1041 3245 1073 3284 err

105 3321 214 3375 verbis:
235 3323 295 3375 Esto
313 3337 420 3388 sernper
446 3330 471 3376 et
496 3323 596 3392 uirique
622 3325 735 3388 humilis,
753 3329 779 3376 et
801 3342 814 3369 o
828 3335 902 3387 nave,
922 3336 954 3374 ne
973 3322 1073 3390 aliquid

105 3411 215 3464 facins..
225 3413 329 3476 placere
339 3413 431 3464 volunt
441 3431 466 3478 ι,
478 3411 607 3464 desnmtis
620 3427 651 3465 ex
664 3412 778 3477 capitolo
788 3411 830 3462 33.
842 3425 868 3463 n.
879 3411 904 3463 i.
918 3412 996 3464 huius
1009 3425 1073 3475 opu·

105 3502 183 3568 sculi,
199 3501 263 3554 loeis
280 3515 301 3554 s.
316 3502 466 3567 scripturae
479 3501 556 3554 Eecii.
569 3503 594 3566 3,
609 3503 651 3555 20.
665 3509 690 3554 et
709 3503 771 3554 Luc.
786 3499 828 3566 ii,
844 3501 885 3552 rt.
901 3505 927 3553 et
945 3499 1073 3553 brevibus

104 3591 243 3644 sententiis
252 3591 292 3642 Ss.
300 3590 467 3656 Hier.,iiern.
477 3596 503 3644 et
511 3591 589 3658 Greg.
599 3592 633 3645 de
643 3591 795 3644 numilitate.
805 3592 894 3643 Postea
904 3588 1029 3643 aliuditnr
1039 3588 1073 3640 ad
