819 1202
213 113 235 129 ⁴4
395 117 439 128 mnan
451 116 512 129 Primus.

213 144 252 165 agis,
264 144 288 160 vis
301 143 351 160 videri
363 145 379 160 et
391 143 454 165 placere
466 143 564 163 hominibus,
576 145 594 159 ut
605 147 626 159 ex
634 142 659 159 his
668 146 696 159 sn-

213 171 300 192 spieentur,
312 172 328 187 te
340 170 391 187 inulto
403 170 450 191 plura
461 172 477 186 et
489 170 550 186 maiora
562 170 578 187 in
593 169 655 186 occulto
667 169 696 186 ha-

213 197 257 217 bere,
268 201 289 214 ex
301 201 334 218 qno
345 197 383 213 talia
394 197 438 213 foras
449 196 534 218 prodeunt,
546 197 591 218 quasi
600 198 615 213 te
623 196 696 216 dolente3

213 223 255 245 quod
268 223 296 240 vix
308 223 378 245 aliquem
389 223 483 240 familiarem
492 223 532 240 adeo
541 223 590 239 hahes
598 222 696 242 unanimem,

213 254 261 272 quem
274 249 328 269 velles,
340 251 355 266 te
367 249 388 266 ita
401 249 417 266 in
428 249 504 266 omnibus
518 253 610 271 agnoscere,
625 249 667 266 sieut
682 251 696 265 te

213 277 266 298 ipsum
278 276 351 298 agnoscis
355 282 360 296 ;
371 278 387 293 et
398 276 442 298 quod
454 276 502 293 etiam
514 276 530 293 in
541 276 639 293 confessione
647 280 697 297 qnan-

213 303 271 325 doque,
283 302 312 320 etsi
324 307 356 319 non
368 302 419 319 audes
430 303 537 324 supprimere,
548 302 587 324 quin
596 304 660 324 peccata
669 304 697 319 tua

213 334 284 350 accuses,
296 331 349 347 tamen
361 329 381 347 de
390 329 427 350 illis,
437 329 453 346 in
461 329 521 351 quibus
529 331 544 346 te
553 329 604 351 magis
611 329 697 351 displicere

213 356 265 377 times,
276 356 299 373 ita
310 356 375 373 ordinas
387 356 437 373 verba
448 356 570 378 praemittendo,
579 356 696 378 subiungendo,

213 383 305 403 colorando,
316 383 360 405 quod
372 383 426 400 minus
437 385 525 405 appareant
537 383 633 403 verecunda,
645 383 672 400 vel
684 383 697 400 si

213 410 254 427 forte
266 410 303 431 plus
314 410 357 427 nude
369 410 437 431 profers,
448 409 523 431 gloriaris
533 411 549 427 et
560 410 585 427 vis
600 409 637 427 inde
653 409 696 431 apud

213 436 320 454 confessorem
332 439 397 453 sanetus
409 437 487 458 reputari,
499 437 542 458 qnod
554 439 587 453 tam
595 436 662 454 humilis
670 436 697 456 sis,

214 463 256 485 qnod
269 465 284 480 te
296 463 352 485 magis,
360 468 408 485 qnam
420 467 484 480 necesse
492 463 518 483 sit,
526 463 591 480 studeas
599 463 697 480 confundere

214 489 313 510 confltendo;
324 492 340 507 et
352 490 395 511 qnod
407 490 520 507 tentationibus
535 490 610 507 vitiorum
626 490 697 507 maxime

214 516 302 533 carnalium
314 516 336 533 ita
347 516 427 533 desidiose
439 521 524 538 repugnas,
536 518 554 533 ut
565 516 599 533 solo
607 516 664 533 timore
672 521 697 538 po

214 543 260 560 ricnli
272 543 298 560 vol
310 543 407 560 contusionis
418 543 480 564 pudure
492 547 519 560 eas
531 543 605 565 repellas,
620 545 637 560 et
648 547 697 565 qnan-

214 571 248 587 tum
260 570 316 590 audes,
328 570 344 587 in
355 570 414 587 affectu
425 570 503 590 arrideas,
515 570 549 587 solu
557 574 636 587 consensu
643 570 697 592 operis

214 596 240 614 vel
251 601 324 614 morosae
336 597 445 614 delectationis
457 597 528 614 excluso.

259 623 274 640 3.
287 624 305 640 Et
316 624 333 640 in
344 624 375 641 hoc
386 628 444 646 magna
456 625 523 646 apparet
535 624 636 645 perversitas,
648 623 696 646 qnod,

214 654 251 667 cum
263 650 309 667 facile
320 650 417 672 quandoque
429 655 484 672 posses
495 650 588 668 huiusmodi
602 650 696 667 teniationes

214 677 260 698 qnasi
272 681 336 694 muscas
347 677 439 694 immundas
450 677 520 699 abigere,
532 681 554 694 ex
566 677 662 699 negligentia
670 681 696 694 eas

214 704 293 725 permittis
305 703 384 721 calescere
396 705 412 721 et
423 704 540 724 convalescere,
552 704 602 721 donec
617 703 696 721 contorta-

214 732 239 747 tae
251 730 282 747 iarn
296 730 418 752 periculosiores
430 730 470 747 fiunt
482 732 497 747 et
513 730 594 747 difficilius
610 730 696 747 vincuntur

213 758 229 773 et
241 757 352 774 conscientiam
373 757 437 779 saepius
456 757 536 779 pulsando
555 757 665 777 confundunt3
681 759 695 774 el

213 784 256 805 quod
269 783 290 800 ita
302 783 392 801 desidiosus
403 788 421 801 es
432 783 452 800 ad
464 788 488 804 ea,
500 788 542 805 quae
554 783 582 800 Dei
594 786 636 803 sunt.
648 786 665 800 et
676 783 694 800 ad

214 810 287 830 virtutes,
298 810 323 827 vel
335 815 377 832 quae
388 810 408 827 ad
421 810 510 827 devotionis
527 810 599 827 studium
611 811 695 832 pertinent,

213 838 232 854 nt
244 837 296 858 pudor
308 837 389 854 humanus
401 837 448 858 plura
460 841 481 854 ex
493 837 519 854 his
530 837 581 859 magis
593 842 602 854 a
615 839 630 854 te
642 839 695 854 extor-

214 866 262 885 queat
274 868 322 885 quam
334 868 379 881 amor
391 864 464 884 divinus;
476 864 519 886 quod
531 864 553 881 ita
564 864 637 886 ingratus
648 868 666 881 es
676 863 694 880 de

214 890 295 908 beneficiis
306 891 340 910 Dei,
352 892 370 907 ut
382 895 413 907 non
425 890 477 908 solum
489 891 552 908 debitas
566 895 597 907 non
612 895 651 912 agas
662 894 694 912 gra-

215 917 245 934 tias
256 917 276 934 de
288 918 372 939 perceptis,
384 917 412 934 sed
424 918 472 934 etiam
484 918 552 939 gratiam
564 917 634 934 oblatam
647 919 694 939 etpa-

215 946 265 960 raiarn
278 944 293 960 in
307 948 375 961 vacnum
387 944 455 966 recipias
466 946 482 961 et
499 944 570 966 negligas
587 944 658 964 utiliora,
674 943 693 960 ad
