819 1202
204 125 224 137 ni:
237 125 357 138 neronum-roms
368 126 433 138 nonnus
444 126 535 138 munionis
579 121 610 139 ΜΒ

127 151 210 168 subtracta
221 154 255 172 est;
266 152 294 169 sed
306 152 319 169 si
336 152 375 169 nihil
391 156 451 174 speras,
464 157 494 169 non
509 152 582 172 tristaris,
598 153 611 170 si

128 183 160 195 non
172 179 248 199 evenerit,
260 179 298 200 quia
310 179 369 196 videris
382 179 409 195 tihi
418 179 457 196 ninii
469 179 563 200 perdidisse,
573 183 610 196 cum

129 205 170 221 nihil
182 205 258 222 habueris
269 205 381 222 amittendum.

173 232 188 249 2.
201 232 250 249 Romo
261 232 304 249 enim
316 232 381 249 virtutis
392 232 415 249 sic
427 232 474 249 debet
485 237 549 249 omnem
566 236 611 254 spem

126 263 173 275 snam
186 261 202 275 et
213 259 287 275 solatium
300 259 315 275 in
333 259 366 276 Deo
383 263 447 280 ponere,
463 261 481 276 ut
492 263 575 281 nunquam
589 263 611 276 ex

127 287 161 302 toto
173 285 211 307 figat
223 286 294 302 animuin
307 286 322 302 in
335 288 398 303 terrena
410 286 522 306 consulatione,
535 288 553 303 ut
564 286 610 308 quasi

127 316 224 334 suspensum
237 312 295 329 haheat
310 312 408 330 desiderium
424 312 444 329 ad
459 313 513 329 omnia
530 313 611 330 exteriora

128 341 145 356 et
157 344 187 356 non
199 339 257 359 fixum,
269 339 310 356 sicut
322 339 349 361 qui
361 344 410 361 super
422 339 488 361 glaciem
498 339 561 360 incedit,
573 340 612 357 ievi-

128 368 153 383 ter
162 366 167 374 ¹
179 366 224 387 ponit
236 366 292 387 pedem
306 366 386 386 tentando,
397 366 410 383 si
423 366 494 388 crepitet,
506 368 524 383 ut
541 366 612 383 retrahat

127 392 191 414 pedem,
203 397 223 409 ne
235 392 354 414 submergatur.
370 392 409 409 Cum
425 397 464 414 ergo
476 392 530 414 perdis
545 392 611 414 aliquid,

127 419 171 441 quod
184 419 246 440 diligis;
258 424 298 441 pone
310 419 326 436 in
334 419 387 436 animo
395 421 428 439 tuo,
440 419 485 441 quasi
494 424 577 441 nunquam
586 419 612 436 ha-

128 446 189 466 bueris,
201 448 217 463 et
228 446 273 468 quasi
285 446 365 463 somnium
381 446 430 463 fuerit
446 446 488 468 quod
507 446 567 463 videris
585 446 611 463 ha-

127 473 188 493 huisse,
200 473 243 494 quod
252 477 294 490 nunc
303 477 347 490 mure
355 477 384 490 suo
396 473 479 490 evanuerit
491 475 506 489 et
515 473 530 489 in
543 473 610 489 nihilum

128 500 150 516 sit
161 500 250 516 redactum.
262 499 292 516 Hoc
304 502 339 516 nrat
355 499 433 521 Propheta
442 499 447 507 ¹
460 504 496 516 cum
509 500 567 516 affectu
581 499 611 516 sihi

128 526 210 548 inspirari,
222 526 286 543 dicens:
302 526 348 543 Velut
358 526 443 543 somnium
454 527 567 548 suryentt'um
580 527 612 543 Do-

128 553 180 572 mine,
192 553 210 569 in
221 553 288 569 civitate
299 555 329 570 tua
341 553 432 575 farraginem
444 553 520 575 ipsorum
534 553 558 570 ad
569 553 612 570 nihi·

128 580 164 596 lum
176 580 247 602 retliqes,
260 580 289 596 hoc
301 582 330 600 est,
338 580 393 601 redige
402 580 495 597 memoriam
504 580 571 597 istorum
580 582 612 597 ter>

128 611 205 623 ranorum
219 607 234 623 in
246 607 294 624 corde
306 611 347 627 meo,
359 607 401 628 quod
410 609 434 624 est
445 607 501 624 civitas
509 607 610 624 habitationis

128 635 171 654 tuae,
183 634 203 650 ad
216 633 290 653 nihilum,
302 635 320 650 ut
331 634 371 650 nihil
384 636 456 655 reputem
474 638 509 651 esse
521 634 545 650 vel
562 634 611 651 {uisse

128 660 172 682 quod
184 660 275 682 pertransit,
287 660 328 677 sicut
337 660 416 677 somnium
425 660 445 677 de
453 662 503 677 strato
511 661 611 682 surgentium

128 687 204 704 oblivioni
216 687 293 704 traditum
306 691 337 703 non
349 689 420 704 curatur.
433 687 515 704 Somnium
532 689 557 704 est
573 687 611 704 haec

129 714 163 730 vita
174 713 221 730 maiis
232 715 248 730 et
259 713 318 733 stultis,
329 713 356 735 qui
369 716 431 735 putant,
443 718 460 731 se
472 718 507 731 esse
520 714 564 735 qnod
580 718 611 730 non

129 742 173 760 sunt,
185 740 200 757 id
213 742 238 757 est
249 740 307 760 felices,
319 742 335 757 et
347 740 406 757 hahere
414 741 457 762 quod
466 745 497 757 nnn
510 740 574 761 hahent,
582 740 612 758 hoc

129 769 154 784 est
166 771 204 784 vera
216 767 262 787 huna,
274 767 311 788 quia
323 767 363 784 falsa
374 769 412 784 sunt
423 772 465 789 quae
477 767 540 784 hahent.

175 793 189 810 3.
202 794 242 811 Istae
254 794 388 811 considerationes
400 799 431 811 non
449 796 487 811 sunt
502 794 612 816 phantasticae

129 820 212 841 dicendae,
224 820 252 837 sed
265 825 312 838 verae
324 823 340 838 et
351 821 435 842 sapientes,
447 821 484 842 qnia
496 821 556 838 iaciunt
568 825 612 838 men-

128 849 162 864 tem
174 847 276 869 tranquillam
289 849 304 864 et
316 847 388 864 stabilem
401 848 442 864 inter
450 847 541 864 mundanae
549 852 612 869 prospe-

129 874 182 891 ritatis
194 876 210 891 et
221 874 322 898 adversitatis
334 874 424 891 varietates.
435 874 474 891 Cum
483 878 522 895 ergo
530 874 612 891 desideras

128 901 172 923 quod
185 905 216 917 non
229 901 283 921 nabes,
295 901 351 922 cogita,
363 901 408 923 quasi
421 900 451 917 iam
464 900 541 925 habueris
556 902 572 918 et
588 905 613 918 sa-

165 936 170 944 ¹
180 936 212 950 eod*
223 937 233 949 o
243 936 294 950 leniter.

166 958 172 966 ¹
181 959 201 972 rs.
210 958 232 976 η,
242 959 264 972 zo.
