2792 4318
294 281 335 328 nn
357 280 598 332 nnsonunuons
621 281 750 332 nonnus
773 282 957 332 lucumonis,
1066 263 1108 331 73

129 386 278 472 Insuper
304 388 486 473 praemunit
509 406 723 474 nespoleos
747 388 945 456 inimicitias
963 389 1111 475 implaca-

131 494 221 561 biles
248 493 338 560 inter
360 502 543 581 serpentem
566 503 597 562 et
615 495 787 576 hominem,
804 504 849 576 ιιι,
866 496 1024 582 quidquid
1041 514 1110 562 sna·

130 598 235 668 deret
259 601 362 679 nonis,
387 620 448 667 non
483 601 702 686 reciperemus
725 603 817 688 qnasi
850 604 938 683 utile,
962 604 1107 680 scientes,

129 709 228 794 qnod
255 725 421 794 nunqnam
446 708 534 774 dabit
551 709 642 776 nobis
656 708 751 776 fidele
768 709 935 776 consilinm
954 716 1017 776 tem
1035 727 1109 776 cru-

130 815 223 883 delis
258 814 417 893 inimicus,
441 814 492 881 cui
525 815 604 881 nihil
627 815 745 883 sufficit
779 814 934 883 denonis
958 817 1038 884 citra
1061 833 1110 882 ae·

41 993 52 1014 ,
131 932 270 990 ternam
297 921 533 988 damnationem
558 929 710 989 nostram.
727 922 807 989 Com
831 940 908 1008 ergo
923 923 1037 990 suadet
1054 941 1111 988 no·

131 1029 186 1098 bis
213 1036 397 1116 peccatum,
421 1029 560 1116 quodam
585 1029 681 1096 modo
704 1030 804 1116 exigit
819 1047 838 1096 a
853 1029 955 1110 nobis,
971 1039 1008 1097 ut
1022 1048 1111 1118 prae-

130 1141 269 1202 stemus
293 1134 323 1201 ei
353 1151 444 1200 arma
476 1125 595 1226 nostia,
619 1133 738 1220 quihus
762 1152 819 1201 nos
842 1134 975 1216 occidat,
1001 1135 1050 1202 vel
1074 1141 1111 1202 ut

131 1241 210 1328 ipsa
235 1236 446 1327 arma,⁸quae
470 1239 497 1308 ei
523 1248 734 1326 praestamus,
759 1240 886 1309 hebetet
901 1249 933 1308 et
949 1241 1110 1321 retundat,

131 1357 172 1417 ut
199 1356 235 1416 et
258 1347 353 1414 nobis
376 1347 482 1415 minus
497 1356 571 1433 apta
587 1355 618 1414 et
640 1348 731 1414 utilia
748 1347 824 1414 fiant
839 1355 871 1414 et
887 1347 994 1416 minus
1017 1356 1111 1416 acuta

133 1463 169 1523 et
185 1453 335 1523 efficacia
350 1453 390 1520 ad
409 1455 512 1540 ipsum
527 1472 584 1540 per
596 1472 634 1522 ea
648 1455 919 1540 impugnandum3
937 1455 1026 1522 verbi
1043 1473 1112 1540 gra·

133 1563 194 1642 tia,
230 1577 307 1628 cum
338 1559 481 1627 immittit
514 1547 606 1628 nobis
641 1561 846 1648 cogitationes
881 1579 1051 1648 perversas
1079 1568 1111 1630 et

135 1666 272 1744 suadet,
304 1673 340 1733 ut
375 1666 496 1733 malum
531 1667 686 1735 faciamus
721 1669 771 1735 vel
801 1668 983 1753 loquamur,
1007 1685 1111 1734 nonne

135 1773 236 1860 quasi
263 1780 373 1858 aperte
397 1773 525 1839 videtur
550 1774 654 1859 reipsa
684 1775 804 1841 homini
829 1774 953 1842 dicere:
980 1774 1111 1842 inermis

137 1899 218 1948 snm
245 1890 357 1950 contra
381 1889 422 1959 te,
445 1899 508 1946 non
532 1880 645 1961 habeo,
669 1881 756 1949 unde
780 1889 810 1949 te
835 1881 962 1949 laedere
979 1879 1112 1966 possim,
1183 1939 1185 1946 ,

92 1999 96 2006 ’
136 1989 204 2056 nisi
233 1995 268 2054 tn
291 1996 435 2074 praestes
460 1988 537 2054 mihi
563 2005 653 2053 arma
677 1995 743 2069 tua,
767 1997 803 2055 ut
835 1996 865 2056 te
889 1988 1056 2054 vulnerem
1080 1992 1112 2054 et

137 2094 301 2163 occidam.
324 2095 452 2162 Praesta
475 2113 552 2180 ergo
583 2094 660 2161 mihi
693 2113 748 2162 cor
773 2103 864 2163 tutam
889 2095 930 2161 ad
954 2095 1113 2181 cogitatio-

137 2221 201 2270 nes
226 2219 344 2287 pravas
369 2201 419 2269 vel
442 2201 624 2270 affectiones
656 2203 756 2269 malas
784 2209 816 2268 et
841 2201 981 2288 linguam
1005 2202 1044 2268 ad
1071 2201 1113 2267 lo·

139 2307 311 2396 quendum
336 2308 446 2394 inique
469 2316 500 2376 et
523 2326 639 2376 manus
663 2309 714 2376 vel
735 2309 798 2375 alia
823 2309 968 2376 membra
992 2315 1047 2376 tua
1071 2309 1112 2376 ad

138 2415 288 2484 actiones
311 2422 343 2481 et
365 2433 462 2502 opera
481 2433 596 2495 nnana,
621 2415 739 2502 quibus
756 2415 849 2482 letale
867 2414 985 2482 vulnus
1001 2415 1033 2480 in
1049 2416 1112 2481 anl-

139 2541 198 2590 ma
223 2522 367 2608 excipias
390 2529 420 2589 et
444 2506 503 2608 gna
531 2541 579 2589 am
604 2522 729 2589 Domini
753 2523 809 2589 Del
834 2522 879 2590 tui
898 2522 971 2590 inde
996 2522 1112 2607 perdas

140 2635 176 2696 et
200 2627 322 2713 gloriae
345 2627 489 2696 caelestis
513 2647 534 2694 o
567 2629 629 2696 vito
652 2629 807 2716 spolieris.
825 2628 948 2696 Stultus
966 2645 1042 2696 vero
1065 2632 1114 2712 est

141 2735 201 2821 qui
226 2733 255 2801 ei
280 2735 435 2802 consentit
457 2735 497 2802 ad
524 2735 589 2829 ho¹
618 2745 650 2802 et
674 2736 791 2802 damna
814 2755 873 2803 sua
897 2735 1025 2802 sibimet
1053 2735 1112 2799 im-

143 2847 239 2928 putet
262 2842 369 2927 potins
392 2861 488 2926 quam
513 2840 642 2953 inimo-30
658 2843 816 2923 suadenti,
833 2842 887 2929 qui
907 2860 995 2908 more
1012 2841 1112 2906 hostis

144 2946 308 3015 hostiliter
330 2965 439 3017 secum
463 2952 545 3034 egit;
569 2950 737 3034 Apostolus
751 2951 778 3015 ¹:
797 2948 908 3037 Neque
931 2945 1113 3015 exhibeatis
1167 3032 1171 3038 Ι

144 3054 301 3120 membro
322 3063 435 3144 nestro
458 3074 561 3122 ormo
593 3055 783 3143 iniqnitatis
805 3063 951 3140 peccato,
974 3055 1033 3120 sed
1055 3073 1113 3119 eoc-

147 3158 252 3227 lu'bete
286 3179 355 3227 oos-
380 3161 444 3228 Deo
480 3169 643 3250 tanquam
677 3181 718 3228 ex
741 3161 885 3228 mortuis
908 3162 1050 3226 viventes
1082 3167 1112 3226 et

146 3266 300 3333 menbra
323 3276 435 3333 vestro
458 3286 561 3336 ormo
585 3267 735 3334 iustitiae
761 3269 833 3333 Deo.

238 3373 268 3440 3.
293 3373 440 3440 Mundus
462 3375 558 3442 etlam
583 3374 754 3459 dupliciter
779 3381 878 3441 tentat
895 3391 970 3440 nos:
988 3373 1055 3440 sive
1071 3371 1113 3438 of-

150 3479 281 3548 ferendo
304 3480 396 3549 nobis
418 3499 466 3560 ea,
494 3481 612 3567 quinus
635 3481 674 3547 ad
707 3461 740 3548 se
764 3481 892 3560 alliciat,
917 3479 1036 3564 scilicet
1060 3480 1114 3545 ho-

224 3603 329 3657 ¹ltom.
348 3606 373 3669 6,
395 3605 437 3659 ta.
